2588 4116
156 232 197 294 32
582 226 612 288 C.
639 225 733 286 PLlNl

155 401 292 463 perquam
314 400 465 443 onerosum
491 399 628 441 accusare
651 381 821 457 damnatum,
848 399 932 459 quem
958 390 988 440 ut
1009 382 1157 461 premebat

156 469 290 527 atrocitas
306 468 441 541 criminis,
458 468 496 524 ita
507 467 586 544 quasi
599 475 732 543 peractae
745 464 929 525 damnationis
940 466 1084 525 miseratio
1095 474 1157 527 tue-

114 556 148 608 14
157 552 246 610 batur.
266 550 424 628 Utcumque
435 559 528 609 tamen
539 551 657 608 animum
669 550 927 627 cogitationemque
940 547 1058 626 collegi,
1073 551 1157 628 coepi

157 634 254 694 dicere
269 638 326 694 non
341 635 447 693 minore
462 631 631 691 audientium
645 630 768 692 adsensu
780 649 861 709 quam
873 630 1064 692 sollicitudine
1079 651 1156 693 mea:

156 718 212 777 dixi
228 718 305 776 horis
320 734 410 795 paene
427 717 560 793 quinque.
582 714 653 775 Nam
667 715 816 776 duodecim
834 715 994 794 clepsydris
1010 735 1079 795 quas
1093 735 1183 795 spa-5

156 803 323 862 tiosissimas
344 817 513 877 acceperam
533 809 597 860 sunt
620 799 730 860 additae
752 808 891 878 quattuor.
924 799 1005 860 Adeo
1027 799 1074 859 illa
1096 802 1158 878 ipsa

157 903 228 963 quae
250 885 317 942 dura
334 892 363 942 et
383 882 503 944 adversa
523 883 631 943 dicturo
648 883 816 944 videbantur
836 883 961 944 secunda
976 884 1081 944 dicenti
1096 885 1157 944 iue-

114 975 146 1025 15
156 977 227 1027 runt.
250 965 355 1027 Caesar
370 966 483 1045 quidem
495 976 600 1027 tantum
615 967 680 1026 mihi
695 967 831 1044 studium,
848 977 950 1029 tantam
966 970 1048 1028 etiam
1064 985 1158 1028 curam

157 1053 284 1127 (nimium
299 1060 344 1110 est
359 1054 433 1110 enim
448 1050 544 1111 dicere
556 1049 791 1129 sollicitudinem)
810 1053 966 1129 praestitit,
982 1062 1012 1111 ut
1027 1051 1157 1111 libertum

155 1153 248 1194 meum
263 1143 329 1211 post
344 1153 388 1195 me
405 1143 525 1194 stantem
542 1137 656 1214 saepius
671 1134 835 1195 admoneret
851 1138 917 1195 voci
932 1134 1071 1213 laterique
1088 1149 1198 1200 con-10

156 1217 291 1296 solerem,
308 1237 370 1278 cum
385 1236 430 1277 me
445 1217 641 1279 vehementius
661 1228 772 1296 putaret
792 1218 898 1278 intendi
916 1237 997 1298 quam
1013 1218 1156 1296 gracilitas

155 1320 218 1361 mea
240 1303 355 1381 perpeti
380 1311 489 1377 posset.
521 1300 680 1380 Respondit
699 1301 764 1361 mihi
786 1319 839 1379 pro
859 1301 1001 1362 Marciano
1023 1301 1155 1365 Claudius

113 1391 146 1445 16
154 1384 345 1447 Marcellinus.
374 1383 479 1446 llissus
495 1385 596 1445 deinde
612 1396 724 1447 senatus
740 1395 768 1446 et
787 1395 939 1448 revocatus
954 1388 982 1446 in
995 1397 1154 1466 posterum:

155 1488 249 1547 neque
262 1471 399 1528 animiam
413 1469 538 1527 inchoari
553 1479 664 1546 poterat
678 1472 763 1546 actio,
778 1471 832 1529 nisi
847 1479 876 1530 ut
890 1472 982 1531 noctis
996 1473 1155 1530 interventa

114 1567 147 1621 17
157 1553 343 1613 scinderetur.
365 1551 484 1610 Postero
502 1551 547 1611 die
565 1551 632 1610 dixit
648 1570 699 1630 pro
716 1551 805 1612 Mario
822 1552 934 1614 Salvius
949 1553 1096 1630 Liberalis,
1113 1558 1156 1613 vir
1165 1566 1196 1616 lo

156 1635 267 1696 subtilis
294 1635 448 1711 dispositus
478 1652 545 1694 acer
573 1636 709 1704 disertus;
742 1638 769 1694 in
790 1636 838 1696 illa
858 1655 929 1697 vero
951 1656 1035 1699 causa
1057 1656 1154 1700 omnes

156 1729 232 1778 artes
254 1736 320 1779 suas
342 1716 468 1796 protulitl
502 1716 661 1796 Respondit
678 1718 828 1780 Gemellus
844 1719 958 1781 Tacitus
979 1721 1155 1798 eloquentis-

114 1810 147 1862 18
156 1804 225 1862 sime
242 1812 282 1878 et,
298 1801 374 1879 quod
389 1803 521 1870 eximium
536 1805 652 1863 orationi
668 1806 729 1864 eius
744 1807 829 1882 inest,
846 1805 984 1882 σεμνῶς.
1011 1803 1088 1864 Dixit
1103 1823 1155 1883 pro

64 1907 68 1913 ·
154 1884 242 1945 lllario
257 1903 355 1946 rursus
367 1884 473 1946 Fronto
489 1885 585 1947 Catius
597 1889 753 1967 insigniter,
772 1898 859 1967 utque
874 1891 926 1946 iam
941 1888 1023 1947 locus
1039 1887 1088 1948 ille
1103 1908 1155 1966 po·

155 1970 273 2048 scebat,
302 1968 366 2048 plus
387 1972 415 2030 in
436 1971 572 2049 precibus
593 1974 729 2050 temporis
752 1989 833 2049 quam
852 1974 879 2031 in
901 1971 1066 2032 defensione
1087 1982 1197 2034 con-20

154 2055 282 2132 sumpsit.
306 2052 395 2114 Huius
412 2056 552 2116 actionem
573 2075 696 2136 vespera
717 2056 847 2131 inclusit,
873 2064 1041 2115 nontamen
1062 2058 1105 2116 sic
1126 2067 1156 2116 ut

155 2137 347 2216 abrumperet.
367 2138 465 2218 ltaque
477 2141 505 2199 in
521 2142 633 2200 tertium
648 2140 721 2200 diem
736 2140 919 2218 probationes
936 2140 1075 2200 exierunt.
1097 2139 1155 2199 lam

154 2222 210 2282 lroc
225 2224 317 2301 ipsum
328 2223 477 2302 pulchrum
495 2235 523 2284 et
538 2227 690 2302 antiquum,
710 2233 836 2283 senatum
850 2233 936 2282 nocte
948 2223 1047 2299 dirimi,
1064 2221 1154 2283 triduo

116 2309 270 2385 rovocari,
292 2307 385 2368 triduo
405 2310 550 2368 contineri.
574 2306 714 2367 Cornutus
729 2304 888 2377 Tertullus,
908 2304 1007 2362 consul
1025 2305 1155 2382 designa-

154 2401 216 2468 tus,
239 2393 282 2450 vir
304 2395 440 2468 egregius
456 2401 485 2450 et
499 2407 551 2466 pro
566 2391 684 2447 veritate
704 2387 895 2458 firmissimus,
919 2388 1029 2443 censuit
1047 2390 1196 2464 sepau-25

154 2485 240 2551 genta
263 2472 337 2531 milia
358 2490 430 2551 quae
451 2480 602 2548 acceperat
624 2469 727 2527 Marius
750 2467 858 2525 aerario
878 2465 1040 2544 inferenda,
1065 2467 1153 2529 llario

155 2557 225 2613 urbe
245 2554 380 2631 Italiaque
402 2551 641 2625 interdicendum,
667 2549 808 2608 Marciano
830 2547 886 2608 hoc
906 2549 1025 2627 amplius
1046 2552 1151 2612 Africa.

155 2638 186 2697 ln
201 2637 256 2695 iine
271 2638 429 2696 sententiae
444 2634 562 2709 adiecit,
584 2633 660 2710 quod
679 2650 738 2719 ego
756 2641 784 2692 et
801 2630 915 2694 Tacitus
931 2635 1054 2696 iniuncta
1068 2635 1153 2695 advo·

155 2721 265 2779 catione
281 2718 433 2795 diligenter
447 2726 476 2777 et
492 2717 602 2776 fortiter
617 2717 705 2777 iuncti
721 2734 868 2795 essemus,
884 2718 1011 2779 arbitmri
1027 2730 1152 2780 senatum

112 2806 191 2866 coita
205 2819 257 2862 nos
273 2801 380 2861 fecisse
395 2809 425 2860 ut
436 2800 549 2876 dignum
560 2800 694 2862 mandatis
705 2802 831 2880 partibus
843 2801 938 2862 fuerit.
955 2802 1194 2871 Adsenserunt30

155 2883 288 2945 consules
301 2883 451 2961 designati,
464 2901 561 2946 omnes
574 2887 657 2946 etiam
669 2885 834 2946 consulares
845 2903 935 2964 usque
947 2885 982 2944 ad
989 2884 1153 2964 Pompeium

155 2966 318 3044 vollegam:
341 2967 390 3027 ille
414 2976 443 3027 et
463 2971 643 3047 septingenta
662 2970 737 3029 milia
753 2971 861 3030 aerario
876 2969 1021 3029 inferenda
1037 2978 1065 3028 et
1079 2968 1152 3028 lilar-

155 3054 263 3111 cianum
283 3053 312 3111 in
334 3052 553 3129 quinquennium
575 3053 775 3131 relegandum,
797 3052 914 3112 Marium
934 3051 1152 3129 repetundarum

111 3145 143 3194 ar
153 3153 276 3214 poenae,
292 3153 373 3214 quam
387 3137 440 3195 iam
455 3153 557 3215 passus
574 3146 669 3214 esset,
690 3139 801 3199 censuit
813 3135 1037 3216 relinquendum.
1064 3135 1152 3197 Erant

154 3223 182 3279 in
199 3230 317 3298 utmque
332 3221 472 3281 sententia
483 3219 571 3297 multi,
588 3221 712 3282 fortasse
728 3223 812 3281 etiam
826 3221 923 3300 plures
938 3221 966 3279 in
978 3219 1031 3280 hac
1042 3219 1089 3279 vel
1105 3231 1193 3284 so·35

133 3347 136 3352 .
153 3304 256 3365 lutiore
270 3303 318 3365 vel
333 3303 473 3383 molliore.
499 3301 570 3365 Nam
585 3303 695 3383 quidam
710 3303 816 3366 exiliis
833 3322 946 3383 quoque
964 3306 1009 3382 qui
1026 3300 1151 3363 Cornuto

153 3386 319 3446 videbantur
338 3386 452 3449 ads'ensi
464 3386 562 3466 laune,
576 3390 624 3467 qui
637 3398 703 3467 post
717 3390 797 3466 ipsos
812 3397 977 3465 censuemt,
995 3389 1152 3466 sequeban-

112 3480 206 3531 tttur.
230 3469 293 3530 Sed·
305 3490 368 3530 cum
379 3472 460 3532 lieret
475 3472 626 3548 discessio,
640 3473 687 3549 qui
699 3470 778 3533 sellis
791 3471 939 3532 consulum
950 3471 1113 3532 adstiterant
1124 3473 1153 3532 in
