2588 4116
127 262 190 326 230
429 256 460 323 G.
484 256 581 318 PblNl
602 256 650 316 ET
672 254 828 315 'TRAlANl

127 417 185 476 tiae
200 424 265 474 tune
282 411 396 490 legibus
417 412 476 472 suis
496 412 590 472 utitur.
621 407 652 468 ln
671 409 725 469 bac
749 409 842 469 datum
861 410 928 469 mihi
947 407 1083 469 libellum
1104 408 1140 470 ad

1 513 7 522 ·
49 534 52 539 -
129 515 230 560 eranos
241 498 432 577 pertinentem
443 494 598 556 hislitteris
608 493 728 570 subieci,
741 502 771 553 ut
780 503 821 570 tu,
833 493 957 569 domine,
971 492 1138 573 dispiceres

129 582 196 661 qnid
214 591 243 641 et
260 591 398 660 quatenus
415 589 462 639 aut
477 576 694 658 permittendum
713 585 760 636 aut
782 576 989 656 prohibendum
1007 586 1137 655 putares.

497 709 598 772 Xclll.
617 707 757 788 [xciiii]

467 809 632 861 pontanus
647 809 758 860 eunuuo·
769 809 796 864 s,

192 916 356 991 Amisenos,
371 930 489 992 quorum
502 910 630 972 libellum
645 911 785 990 epistulae
800 920 864 971 tuae
883 912 1036 988 iunxeras,
1053 912 1080 971 si
1095 910 1136 971 le-

131 999 216 1078 gibus
231 999 365 1074 istorum,
389 997 490 1074 quibus
513 995 549 1055 de
565 995 661 1055 oflicio
675 994 802 1056 foederis
820 1004 944 1071 utuntur,
961 1011 1136 1056 concessum

132 1092 177 1144 est
198 1099 313 1143 eranum
327 1079 452 1158 habere,
474 1096 626 1157 possumus
647 1095 703 1156 quo
725 1079 815 1138 minus
835 1078 956 1139 babeant
974 1095 1035 1138 non
1055 1079 1137 1156 inpe-

132 1165 202 1244 dire,
219 1183 255 1228 eo
270 1163 393 1243 facilius,
410 1166 434 1225 si
448 1162 496 1224 tali
513 1161 673 1223 conlatione
687 1179 743 1223 non
758 1161 792 1221 ad
804 1162 900 1223 turbas
915 1170 944 1222 et
959 1160 995 1221 ad
1010 1161 1134 1223 inlicitos
1143 1175 1173 1227 to

132 1259 233 1311 coetus
248 1249 300 1310 sed
313 1248 348 1309 ad
362 1247 553 1311 sustinendam
567 1247 725 1308 tenuiorum
740 1247 862 1325 inopiam
882 1254 1006 1305 utuntur.
1040 1243 1074 1304 ln
1089 1265 1135 1307 ce·

132 1335 201 1396 teris
218 1333 396 1412 civitatibus,
419 1351 491 1412 quae
506 1340 605 1393 nostro
625 1332 685 1391 iure
701 1330 856 1391 obstrictae
870 1338 950 1407 sunt,
972 1346 1022 1389 res
1038 1328 1135 1390 buius·

129 1418 205 1479 modi
219 1415 394 1499 prohibenda
409 1426 463 1476 est.

507 1546 625 1608 xcuu.
648 1547 756 1628 [neu]

354 1648 381 1702 C.
399 1646 523 1698 PLINIUS
542 1648 686 1699 TRAIANO
702 1646 908 1704 IMPERATORI.

106 1765 120 1816 1
195 1750 360 1810 Suetonium
374 1746 583 1828 Tranquillum,
604 1750 803 1826 probissimum
823 1747 1056 1808 honestissimum
1073 1766 1133 1808 ern·

131 1833 297 1894 ditissimum
311 1833 417 1909 virum,
433 1841 463 1892 et
475 1848 571 1892 mores
585 1834 647 1893 eius
661 1843 778 1895 secutus
794 1841 823 1893 ct
837 1832 928 1893 studia
943 1833 998 1893 iam
1013 1831 1132 1912 pridem,

132 1917 261 1993 domine,
288 1915 317 1977 in
340 1916 554 1977 contubernium
575 1916 719 1996 adsumpsi
741 1926 877 1995 tantoque
899 1916 990 1994 magis
1011 1915 1132 1996 diligere

105 2002 228 2081 2coepi,
245 2008 349 2079 quanto
366 2001 441 2062 bunc
456 2003 575 2080 propius
591 2003 712 2080 inspexi.
735 2000 808 2061 lluic
821 2003 865 2062 ius
880 2002 963 2061 trium
978 2000 1169 2061 liberorumbt

130 2086 324 2147 necessarium
338 2084 443 2146 iaciunt
455 2085 526 2145 duae
541 2103 660 2146 causae:
676 2103 739 2145 nam
751 2094 781 2146 et
791 2085 1056 2146 iudiciaamicorum
1069 2102 1135 2163 pro.

131 2181 256 2232 meretur
270 2178 300 2232 et
312 2187 408 2249 parum
424 2168 493 2229 ielix
507 2169 710 2230 matrimonium
721 2179 857 2249 expertus
868 2178 914 2230 est
924 2169 1133 2247 inpetrandum·

132 2273 188 2334 que
203 2273 219 2316 n
241 2254 365 2315 bonitate
380 2263 426 2314 tun
448 2271 501 2332 per
513 2271 567 2316 nos
580 2253 666 2314 habet
682 2253 758 2332 quod
772 2252 814 2313 illi
828 2253 958 2316 fortunae
972 2252 1133 2330 malignitas

105 2338 292 2417 adenegavit.
315 2338 394 2416 Scio,
410 2337 531 2415 domine,
549 2347 680 2418 quantum
695 2338 863 2399 beneficium
875 2347 981 2416 petam,
997 2335 1051 2397 scd
1063 2346 1133 2414 pcto

131 2432 207 2499 ate,
231 2424 311 2483 cuius
326 2424 354 2482 in
370 2422 497 2483 omnibus
519 2421 667 2485 desideriis
686 2422 757 2483 meis
772 2420 973 2500 indulgendam
985 2419 1171 2498 experturos

130 2505 217 2565 Potes
232 2507 306 2565 enim
321 2505 472 2585 colligere,
489 2516 591 2585 quanto
607 2523 697 2584 opere
712 2507 835 2585 cupiam,
850 2505 927 2585 quod
936 2522 993 2565 non
1000 2520 1135 2582 rogarem

130 2588 246 2667 absens,
263 2591 286 2650 si
301 2591 485 2651 mediocriter
499 2607 643 2669 cuperem.

513 2720 599 2784 xcv.
621 2719 745 2801 [noun]

464 2822 627 2874 TRAIANUS
647 2822 752 2874 PLINIO
770 2821 796 2872 S.
1141 2849 1172 2904 3⁰

194 2924 283 2997 Quam
307 2942 394 3005 parce
414 2923 487 2985 baec
506 2925 646 2986 beneficia
666 2926 785 2986 tribuam
801 2925 915 3003 utique,
940 2923 977 2982 mi
998 2922 1133 2983 Secunde

131 3008 292 3086 carissime,
315 3009 413 3069 haeret
435 3008 503 3087 tibi,
528 3027 591 3069 cum
607 3012 691 3070 etiam
705 3010 733 3069 in
748 3019 848 3070 senatu
863 3007 1008 3069 adfirmare
1024 3006 1134 3068 soleam

129 3108 187 3152 non
204 3093 369 3153 excessisse
384 3111 430 3152 me
440 3111 585 3154 numemm
601 3111 685 3173 quem
699 3093 774 3173 apud
789 3092 991 3173 amplissimum
1006 3091 1135 3152 ordinem

130 3177 314 3237 suffecturum
334 3177 401 3236 milri
425 3177 575 3257 professus
595 3197 671 3238 sum:
702 3187 751 3238 tuo
777 3187 871 3238 tamen
896 3174 1040 3237 desiderio
1066 3176 1134 3236 sub·

129 3262 232 3338 scripsi
253 3269 283 3321 et
297 3259 412 3322 dedisse
426 3279 471 3321 me
491 3261 535 3322 ius
550 3263 632 3322 trium
647 3261 800 3322 liberomm
814 3261 952 3322 Suetonio
967 3258 1133 3338 Tranquillo
1143 3269 1174 3324 at

129 3360 164 3401 ea
179 3342 340 3405 conditione
355 3362 409 3424 qua
423 3345 540 3405 adsueui
554 3345 655 3406 referri
672 3347 701 3405 in
723 3346 941 3407 commentarios
955 3361 1037 3404 meos
1052 3345 1134 3406 iussi.

1143 758 1159 810 5

1141 1589 1168 1641 15
