2588 4116
357 241 620 309 EPISTULARUM
633 249 681 308 Vi.
706 262 748 312 uo.
765 262 864 313 11.12.
883 262 924 314 ua.
1086 251 1146 314 115

141 408 261 482 petere,
283 409 330 460 aut
347 399 413 460 mibi
428 401 551 478 optatius
571 417 653 479 quam
667 418 712 460 me
725 401 760 462 ad
775 411 854 463 recta
869 404 1049 466 tendentibus
1065 405 1145 484 quasi

140 483 288 562 exemplar
302 501 369 544 esse
385 479 581 562 propositum?
604 481 689 556 Quod
701 484 832 562 gaudium
843 495 873 546 ut
884 498 1025 566 perpetuo
1037 490 1172 567 capiamd

140 568 211 628 deos
227 584 294 627 oro:
309 567 344 627 ab
356 566 446 627 isdem
462 574 537 626 teste
551 576 581 626 te
599 575 667 645 peto
683 577 714 627 ut
726 570 817 630 omnis
834 572 881 648 qui
895 590 941 632 me
958 573 1057 632 imitari
1075 573 1144 632 tanti

139 651 278 729 putabunt
292 649 426 711 meliores
442 668 508 710 esse
524 667 606 728 quam
618 669 664 710 me
680 650 777 711 velint.
813 652 893 714 Vale.

112 769 128 804 ⁰
607 783 672 844 ΧΗ.

319 882 345 933 G.
363 881 489 934 PLINIUS
508 881 634 933 FABATO
650 882 839 935 Pnosoonno
856 884 916 936 SUO
934 885 960 936 S.

200 983 242 1045 Tu
256 1003 327 1045 vero
342 1002 397 1044 non
413 984 503 1045 debes
518 1004 658 1065 suspensa
671 1003 752 1046 manu
773 987 970 1048 commendare
986 988 1052 1048 mibi
1069 1001 1169 1068 quosl

136 1068 259 1130 tuendos
279 1079 370 1147 putas.
400 1066 470 1128 Nam
484 1077 514 1128 et
535 1077 565 1130 te
579 1068 664 1129 docet
682 1069 777 1131 multis
792 1070 932 1150 prodesse
950 1081 980 1132 et
992 1090 1038 1133 me
1053 1075 1143 1133 susci·

99 1168 211 1232 [opere
228 1151 363 1232 quidquid
384 1150 418 1211 ad
441 1170 536 1212 euram
557 1161 631 1212 tuam
651 1155 783 1231 pertinet.
814 1154 913 1234 ltaque
926 1154 1023 1217 Vettio
1042 1154 1167 1219 Priseot

139 1245 271 1315 quantum
290 1235 439 1315 plurimum
465 1245 586 1314 potuero
607 1238 775 1314 praestabo,
801 1240 967 1317 praesertim
988 1240 1016 1299 in
1037 1239 1141 1300 harena

137 1337 217 1396 mea,
242 1319 299 1380 hoc
321 1329 366 1380 est
390 1319 465 1398 apud
486 1320 683 1380 centumviros.
717 1319 909 1398 Epistularum
925 1339 995 1399 quas
1012 1322 1096 1397 mihi,
1112 1332 1168 1384 ut3

137 1405 191 1480 ais,
207 1412 306 1482 aperto
320 1412 439 1482 pectore
453 1404 594 1482 scripsisti
609 1402 740 1464 obliuisci
754 1423 800 1464 me
815 1406 913 1465 iubes:
934 1404 969 1465 ad
984 1423 1040 1483 ego
1052 1404 1141 1464 nulla·

137 1504 199 1546 rum
225 1486 360 1548 libentius
386 1489 507 1547 memini.
542 1486 587 1546 Ex
608 1485 663 1546 illis
690 1489 764 1546 enin
789 1488 837 1548 vel
864 1490 1020 1568 praecipue
1047 1490 1139 1549 sentio

96 1587 127 1638 15
138 1580 242 1649 quanto
256 1588 345 1649 opere
360 1588 405 1630 me
422 1570 539 1649 diligas,
555 1588 619 1631 cnm
633 1573 676 1631 sic
694 1573 828 1650 exegeris
842 1590 954 1632 mecum
973 1582 1004 1634 ut
1023 1570 1140 1635 solebas

138 1672 202 1713 oum
216 1664 265 1715 tuo
284 1653 352 1714 lilio.
382 1651 445 1720 Nec
461 1654 606 1715 dissimulo
621 1654 677 1715 hoc
691 1655 757 1715 mihi
779 1656 960 1718 iucundiores
983 1675 1032 1717 eas
1048 1656 1165 1716 fuisset

138 1736 214 1815 quod
234 1737 371 1799 habebam
392 1739 493 1799 bonam
518 1757 646 1817 eausam,
673 1757 736 1799 eum
757 1758 865 1800 summo
886 1740 979 1801 studio
994 1757 1140 1801 curassem

138 1820 214 1898 quod
235 1831 265 1882 tu
287 1823 378 1882 curari
397 1821 525 1883 volebas.
560 1822 679 1883 Proinde
696 1824 779 1884 etiam
802 1825 894 1903 adque
915 1825 998 1885 etiam
1020 1842 1093 1902 rogo
1109 1829 1164 1882 ut5

137 1903 204 1963 mibi
219 1924 335 1985 semper
346 1905 446 1966 eadem
459 1906 657 1984 simplicitate,
672 1909 802 1984 quotiens
817 1925 933 1968 cessare
947 1907 1067 1968 videbor
1085 1908 1139 1985 (ui-

93 1986 229 2053 aodebor
245 1988 325 2064 dico,
346 2005 495 2066 numquam
510 1991 584 2047 enlm
602 1991 758 2068 cessabo),
775 1993 934 2050 convicium
945 1989 1047 2058 faciam
1064 1988 1141 2069 quod

136 2080 166 2131 et
188 2088 245 2146 ego
273 2069 438 2146 intellegam
457 2089 474 2130 a
493 2086 601 2129 summo
621 2087 716 2130 amore
738 2073 884 2150 proticisci
906 2082 935 2132 et
953 2083 983 2133 tn
1005 2089 1061 2131 non
1082 2091 1140 2132 me·

135 2155 290 2213 ruisseme
307 2151 442 2230 gaudeas.
471 2151 550 2211 Vale.
886 2167 888 2171 ·

603 2285 682 2346 Xlll.

93 2412 126 2463 ,5
445 2385 471 2435 c.
488 2383 613 2435 rutulus
628 2384 712 2437 uaso
729 2385 790 2437 suo
808 2383 833 2434 a.

198 2485 372 2566 Umquamne
386 2486 480 2547 vidisti
496 2503 663 2566 quemquam
683 2495 738 2547 tam
752 2486 924 2547 laboriosum
939 2495 968 2546 et
981 2487 1162 2548 exercituml

137 2587 220 2649 quam
235 2570 375 2630 Varenum
390 2567 501 2630 meum?
524 2573 570 2629 oui
592 2571 668 2649 quod
685 2589 791 2631 summa
808 2572 989 2631 contentione
1004 2570 1136 2649 impetra·

136 2659 216 2713 v'erat
232 2654 439 2713 defendendum
456 2664 484 2714 et
503 2656 583 2733 quasi
600 2672 697 2715 rursus
713 2654 866 2734 petendum
880 2653 940 2718 init.
963 2653 1075 2730 Bithyni
1091 2666 1162 2717 set

136 2746 217 2797 natus
234 2736 392 2797 consultum
408 2746 475 2816 aput
490 2736 624 2799 consules
639 2757 758 2817 carpere
770 2757 804 2801 ac
814 2738 988 2800 labefactare
1001 2749 1065 2799 sunt
1076 2739 1137 2799 ausi

90 2828 221 2897 eoatque
236 2822 319 2879 etiam
334 2821 444 2880 absenti
463 2822 583 2900 principi
602 2824 756 2883 criminari:
783 2824 817 2883 ab
834 2822 884 2881 illo
900 2822 934 2882 ad
949 2831 1076 2882 senatum
1090 2842 1135 2882 re·

134 2905 230 2979 missi,
246 2922 302 2963 non
314 2903 489 2963 destiterunt.
523 2903 591 2981 Egit
606 2903 739 2966 Claudius
755 2903 856 2984 Capito
870 2909 1066 2967 inreverenter
1080 2924 1136 2964 ma·

134 2988 180 3063 gis
196 3005 278 3065 quam
295 2997 472 3062 constanter,
498 2998 528 3047 ut
550 2990 597 3066 qui
612 2999 726 3050 senatus
744 2988 903 3050 consultum
918 2991 992 3068 apud
1009 2999 1136 3050 senatum

135 3080 292 3130 accusaret.
313 3069 472 3149 Respondit
488 3068 584 3132 Catius
599 3070 704 3134 Fronto
718 3075 843 3151 graviter
855 3083 884 3133 et
903 3073 991 3132 linn'e.
1014 3072 1162 3133 Senatus3

134 3155 200 3231 ipse
213 3153 361 3214 mirificus:
377 3173 439 3214 nam
454 3153 496 3214 illi
514 3173 627 3235 quoque
642 3159 689 3236 qui
701 3158 779 3235 prius
791 3164 927 3236 negarant
936 3154 1049 3216 Vareno
1062 3173 1136 3233 qnae

88 3248 124 3300 35
134 3237 252 3316 petebat
262 3237 361 3298 eadem
373 3239 471 3314 danda,
488 3249 638 3318 postquam
654 3251 733 3301 erant
747 3239 821 3317 data,
839 3245 1025 3300 censuemnt:
1041 3240 1164 3316 singu-4

135 3321 181 3381 los
197 3323 271 3380 enim
285 3323 395 3400 integra
408 3341 440 3383 re
455 3322 605 3384 dissentire
620 3323 663 3383 ias
676 3343 759 3399 esse,
782 3330 899 3401 peracta
913 3321 990 3400 quod
1006 3321 1134 3402 pluribus

138 3404 295 3482 placuisset
309 3407 418 3466 eunctis
437 3407 579 3467 tuendum.
609 3406 719 3469 Acilius
741 3416 846 3467 tantum
860 3404 951 3466 liuius
969 3416 998 3466 et
1019 3426 1083 3467 eum
1100 3416 1160 3467 eoo

135 3498 248 3566 septem
264 3507 298 3549 an
316 3499 398 3570 octo,
415 3498 528 3570 septem
543 3491 643 3568 immo,
658 3493 687 3549 in
701 3491 797 3569 priore
811 3491 951 3551 sententia
964 3509 1134 3569 persevera·

956 3573 971 3600 ί
