2588 4116
124 298 187 361 214
427 300 462 365 G.
481 302 578 364 PLlNl
600 304 649 363 ET
672 303 828 365 inurant

528 454 625 514 xuvr.
650 454 728 534 [nvp

465 553 628 607 TRAIANUS
645 556 751 606 PLINIO
770 557 797 609 S.

187 657 346 737 Diplomata
362 675 480 736 quorum
495 660 665 737 praeteritus
680 669 725 719 est
743 657 805 719 dies
821 675 879 718 non
900 659 1004 719 debent
1021 679 1092 721 esse
1108 665 1136 722 in

125 760 194 803 usu:
216 742 281 804 ideo
304 745 379 802 inter
394 744 483 822 prima
502 744 617 819 iniungo
638 742 705 802 mibi
723 753 753 802 ut
775 760 829 820 per
849 760 946 804 omnes
969 748 1135 821 provincias

125 837 191 887 ante
205 829 312 887 mittam
329 844 403 887 nova
419 826 571 905 diplomata
587 845 670 904 quarn
686 825 840 887 desiderari
856 830 975 905 possint.
1141 846 1158 897 5

512 973 625 1035 xum.
648 972 742 1052 [nvn]

349 1073 376 1123 0.
396 1074 521 1125 PLINIUS
538 1072 683 1123 TRAIANO
703 1073 909 1127 IMPERATORI.

98 1194 114 1246 1
190 1176 261 1239 (lum
277 1179 390 1259 vellem,
407 1179 531 1258 domine,
548 1180 691 1260 Apameae
705 1196 885 1257 cognoscere
902 1179 1034 1258 publicos
1052 1181 1132 1243 debi-

125 1273 205 1324 tores
221 1275 249 1325 et
264 1264 384 1326 reditum
400 1275 429 1326 et
442 1264 591 1344 inpendia,
612 1280 784 1342 responsum
800 1273 844 1325 est
861 1263 927 1323 mihi
944 1281 1052 1344 cupere
1070 1269 1130 1345 qui·
1140 1281 1172 1333 ro

126 1349 190 1409 dem
213 1351 363 1410 universos
384 1359 450 1409 uta
475 1368 521 1410 me
543 1353 668 1410 rationes
692 1349 823 1409 coloniae
846 1347 1029 1427 legerentur,
1053 1369 1131 1411 num·

125 1449 211 1511 quam
228 1443 321 1494 tarnen
342 1452 409 1494 esse
427 1434 517 1495 lectas
531 1435 566 1494 ab
581 1432 641 1493 ullo
655 1433 872 1512 proconsulum,
894 1432 1030 1494 habuisse
1045 1437 1130 1513 privi-

126 1515 234 1595 legium
250 1527 280 1578 et
293 1519 517 1578 vetustissimum
532 1534 640 1577 morem
652 1517 767 1579 arbitrio
783 1534 836 1578 suo
851 1534 912 1577 rem
924 1517 1069 1595 publicam
1084 1519 1130 1579 ad·

101 1602 293 1665 aministrare.
315 1599 408 1678 Exegi
425 1610 455 1661 ut
470 1618 542 1679 quae
557 1599 689 1661 dicebant
707 1620 837 1680 quaeque
857 1601 1012 1662 recitabant
1029 1600 1129 1663 libello

125 1684 396 1762 conplecterentur,
422 1702 507 1762 quern
519 1685 569 1744 tibi
588 1682 699 1763 qualern
717 1703 886 1763 acceperam
900 1687 980 1764 misi,
1004 1690 1129 1764 quamvis
1138 1703 1168 1753 15

125 1767 325 1845 intellegerem
342 1767 479 1846 pleraque
498 1787 534 1827 ex
549 1768 599 1828 illo
615 1767 649 1827 ad
665 1768 693 1827 id
713 1769 817 1847 dequo
833 1772 976 1847 quaeritur
993 1788 1049 1831 non
1064 1790 1127 1850 per·

87 1852 227 1914 ¹ttinere.
257 1851 298 1912 Te
319 1868 392 1929 rogo
411 1862 441 1913 ut
463 1851 529 1911 mihi
550 1854 719 1932 praecipere
742 1853 867 1931 digneris
892 1854 959 1932 quid
981 1873 1026 1915 me
1045 1864 1128 1934 putes

125 1934 281 1997 observare
305 1936 422 1997 debere.
448 1936 561 1997 Vereor
572 1938 645 1997 enirn
660 1956 697 1996 nc
713 1947 760 1998 aut
777 1940 942 1999 excessisse
957 1947 1005 1998 aut
1018 1956 1075 1999 non
1088 1942 1128 1998 in·

125 2017 225 2098 plesse
241 2021 327 2082 oflicii
343 2023 400 2081 mei
416 2030 512 2101 partes
529 2021 636 2083 videar.

505 2170 629 2231 xuvur.
647 2170 752 2248 [uvis]

459 2270 623 2320 TRAIANUS
642 2268 747 2320 PLINIO
768 2269 793 2320 S.

101 2390 117 2440 1
188 2372 313 2434 Libellus
328 2371 519 2452 Apameorum
541 2390 625 2450 quern
639 2369 779 2448 epistulae
793 2376 857 2426 tuae
872 2368 1002 2426 iunxeras
1020 2377 1134 2435 remisit

123 2455 190 2515 mihi
205 2459 408 2516 necessitatem
423 2453 618 2534 perpendendi
634 2450 726 2529 qualia
738 2459 846 2526 essent,
863 2457 982 2527 propter
997 2470 1073 2530 quae
1090 2461 1131 2517 vi·

124 2537 185 2597 deri
205 2538 304 2598 volunt
326 2541 445 2614 eosqui
466 2553 519 2614 pro
542 2534 706 2595 consulibus
727 2533 798 2593 banc
820 2534 994 2612 provinciam
1017 2537 1170 2602 obtinuit

124 2629 206 2680 erunt
223 2621 393 2680 abstinuisse
408 2619 616 2698 inspectatione
631 2620 770 2678 rationum
787 2636 916 2697 suarum,
934 2637 998 2679 curn
1015 2623 1080 2700 ipse
1100 2637 1131 2685 ut

95 2717 172 2769 aeas
187 2704 347 2781 inspiceres
363 2720 419 2763 non
434 2704 639 2764 recusaverint.
671 2701 886 2764 Remuneranda
900 2713 946 2764 est
961 2706 1047 2782 igitur
1063 2725 1129 2785 pro-

121 2787 194 2847 bitas
213 2804 327 2866 eorum,
348 2797 377 2848 ut
399 2789 453 2848 iam
468 2806 543 2847 nunc
558 2790 649 2849 sciant
666 2787 723 2848 hoc
741 2787 817 2866 quod
837 2789 1018 2868 inspecturus
1035 2809 1070 2851 es
1091 2811 1129 2852 ex
1210 2838 1212 2843 .

121 2889 184 2931 mea
199 2870 344 2933 voluntate
360 2871 446 2933 saluis
461 2891 535 2951 quae
549 2872 654 2933 habent
668 2872 828 2952 privilegiis
843 2892 910 2935 esse
926 2873 1074 2933 iacturum.
1210 2858 1212 2901 ¹

479 3022 620 3085 xuvuu.
643 3022 764 3102 [nurum

342 3122 369 3175 0.
389 3122 513 3173 PLlNlUS
533 3123 679 3174 TRAIANO
697 3122 906 3173 IMPERATORI.

99 3234 115 3284 1
187 3224 260 3286 Ante
279 3225 429 3285 adventum
446 3242 556 3304 meum,
573 3224 702 3303 domine,
720 3224 946 3287 Nicomedenses
961 3226 1049 3304 priori
1063 3224 1127 3284 foro

121 3326 227 3369 nouum
241 3309 356 3370 adicere
371 3317 546 3388 coeperunt,
569 3310 649 3369 cuius
664 3310 693 3368 in
708 3309 812 3387 angulo
830 3318 876 3370 cst
890 3308 977 3370 aedes
993 3310 1127 3370 vetustis·
1181 3376 1184 3381 ,

122 3392 192 3451 sima
210 3390 309 3456 llatris
329 3392 449 3472 Magnae
471 3403 519 3454 aut
539 3391 693 3453 reficienda
711 3403 759 3454 aut
780 3392 989 3461 transferenda;
1014 3392 1051 3453 oh
1071 3352 1212 3705 hocaop

1135 2987 1167 3041 30

111 3476 289 3552 praecipue,
309 3476 387 3554 quod
398 3486 442 3537 est
458 3475 546 3537 multo
568 3476 735 3555 depressior
749 3495 839 3556 opere
855 3495 890 3537 eo
907 3476 1060 3555 quodcum
1071 3494 1127 3537 ma·

95 3555 197 3617 brimo
212 3560 311 3634 surgit.
344 3558 409 3635 Ego
422 3578 496 3645 cum
512 3578 681 3639 quaererem
700 3578 765 3620 num
782 3569 860 3622 esset
875 3558 969 3639 aliqua
986 3559 1036 3620 lex
1053 3560 1128 3622 diota

16 3724 122 3877 x,
