<?xml version="1.0" encoding="UTF-8"?>
<!DOCTYPE html PUBLIC "-//W3C//DTD XHTML 1.0 Transitional//EN"
    "http://www.w3.org/TR/xhtml1/DTD/xhtml1-transitional.dtd">
<html xmlns="http://www.w3.org/1999/xhtml" xml:lang="en" lang="en">
 <head>
  <title>
</title>
<meta http-equiv="Content-Type" content="text/html;charset=utf-8" />
  <meta name='ocr-system' content='tesseract 3.04.00' />
  <meta name='ocr-capabilities' content='ocr_page ocr_carea ocr_par ocr_line ocrx_word'/>
</head>
<body>
  <div class='ocr_page' id='page_1' title='image "./cplinicaccilise00plingoog_0220.png"; bbox 0 0 2588 4116; ppageno 0'>
   <div class='ocr_carea' id='block_1_1' title="bbox 240 207 1107 295">
    <p class='ocr_par' dir='ltr' id='par_1_1' title="bbox 240 207 1107 295">
     <span class='ocr_line' id='line_1_1' title="bbox 240 207 1107 295; baseline 0.012 -28"><span class='ocrx_word' id='word_1_1' title='bbox 240 207 503 269; x_wconf 80' lang='lat' dir='ltr'>arisuomamt</span> <span class='ocrx_word' id='word_1_2' title='bbox 518 220 662 274; x_wconf 72' lang='lat'><strong>22-29.</strong></span> <span class='ocrx_word' id='word_1_3' title='bbox 685 212 838 289; x_wconf 75' lang='lat' dir='ltr'>[ss-ss.</span> <span class='ocrx_word' id='word_1_4' title='bbox 856 215 969 295; x_wconf 88' lang='lat'>10.11.]</span> <span class='ocrx_word' id='word_1_5' title='bbox 1045 213 1107 277; x_wconf 77' lang='lat' dir='ltr'>sou</span> 
     </span>
    </p>
   </div>
   <div class='ocr_carea' id='block_1_2' title="bbox 57 359 1134 1365">
    <p class='ocr_par' dir='ltr' id='par_1_2' title="bbox 98 359 1134 695">
     <span class='ocr_line' id='line_1_2' title="bbox 99 359 1107 442; baseline 0.004 -21"><span class='ocrx_word' id='word_1_6' title='bbox 99 361 167 421; x_wconf 93' lang='lat' dir='ltr'>mibi</span> <span class='ocrx_word' id='word_1_7' title='bbox 182 370 250 440; x_wconf 92' lang='lat' dir='ltr'>post</span> <span class='ocrx_word' id='word_1_8' title='bbox 268 359 444 421; x_wconf 88' lang='lat' dir='ltr'>consulatum</span> <span class='ocrx_word' id='word_1_9' title='bbox 465 363 654 422; x_wconf 90' lang='lat' dir='ltr'>reverentiam</span> <span class='ocrx_word' id='word_1_10' title='bbox 669 371 794 441; x_wconf 90' lang='lat' dir='ltr'>praestat</span> <span class='ocrx_word' id='word_1_11' title='bbox 812 372 841 422; x_wconf 91' lang='lat' dir='ltr'>et</span> <span class='ocrx_word' id='word_1_12' title='bbox 856 363 989 442; x_wconf 87' lang='lat' dir='ltr'>publicae</span> <span class='ocrx_word' id='word_1_13' title='bbox 1004 382 1107 426; x_wconf 90' lang='lat' dir='ltr'>neces·</span> 
     </span>
     <span class='ocr_line' id='line_1_3' title="bbox 99 445 1134 529; baseline -0.001 -23"><span class='ocrx_word' id='word_1_14' title='bbox 99 445 229 506; x_wconf 81' lang='lat' dir='ltr'>situdinis</span> <span class='ocrx_word' id='word_1_15' title='bbox 244 447 363 524; x_wconf 87' lang='lat' dir='ltr'>pignera</span> <span class='ocrx_word' id='word_1_16' title='bbox 381 446 500 525; x_wconf 81' lang='lat' dir='ltr'>privatIs</span> <span class='ocrx_word' id='word_1_17' title='bbox 521 446 643 506; x_wconf 91' lang='lat' dir='ltr'>cumulat</span> <span class='ocrx_word' id='word_1_18' title='bbox 664 446 777 508; x_wconf 86' lang='lat' dir='ltr'>officiis.</span> <span class='ocrx_word' id='word_1_19' title='bbox 810 446 894 525; x_wconf 89' lang='lat' dir='ltr'>Rogo</span> <span class='ocrx_word' id='word_1_20' title='bbox 910 466 981 526; x_wconf 91' lang='lat' dir='ltr'>ergo</span> <span class='ocrx_word' id='word_1_21' title='bbox 997 458 1027 509; x_wconf 90' lang='lat' dir='ltr'>ut</span> <span class='ocrx_word' id='word_1_22' title='bbox 1042 451 1134 529; x_wconf 67' lang='lat' dir='ltr'>ipset</span> 
     </span>
     <span class='ocr_line' id='line_1_4' title="bbox 98 528 1107 608; baseline 0.004 -19"><span class='ocrx_word' id='word_1_23' title='bbox 98 529 175 608; x_wconf 89' lang='lat' dir='ltr'>apud</span> <span class='ocrx_word' id='word_1_24' title='bbox 195 538 225 589; x_wconf 94' lang='lat' dir='ltr'>te</span> <span class='ocrx_word' id='word_1_25' title='bbox 247 544 300 608; x_wconf 95' lang='lat' dir='ltr'>pro</span> <span class='ocrx_word' id='word_1_26' title='bbox 322 528 458 606; x_wconf 88' lang='lat' dir='ltr'>dignitate</span> <span class='ocrx_word' id='word_1_27' title='bbox 478 531 541 590; x_wconf 90' lang='lat' dir='ltr'>eius</span> <span class='ocrx_word' id='word_1_28' title='bbox 560 530 696 608; x_wconf 89' lang='lat' dir='ltr'>precibus</span> <span class='ocrx_word' id='word_1_29' title='bbox 718 534 790 592; x_wconf 85' lang='lat' dir='ltr'>mels</span> <span class='ocrx_word' id='word_1_30' title='bbox 809 530 923 608; x_wconf 81' lang='lat' dir='ltr'>faveas,</span> <span class='ocrx_word' id='word_1_31' title='bbox 947 535 992 592; x_wconf 88' lang='lat' dir='ltr'>cui</span> <span class='ocrx_word' id='word_1_32' title='bbox 1014 542 1059 608; x_wconf 85' lang='lat' dir='ltr'>et,</span> <span class='ocrx_word' id='word_1_33' title='bbox 1082 537 1107 593; x_wconf 91' lang='lat' dir='ltr'>si</span> 
     </span>
     <span class='ocr_line' id='line_1_5' title="bbox 100 611 1107 695; baseline 0.002 -23"><span class='ocrx_word' id='word_1_34' title='bbox 100 612 167 693; x_wconf 86' lang='lat' dir='ltr'>quid</span> <span class='ocrx_word' id='word_1_35' title='bbox 183 613 249 672; x_wconf 92' lang='lat' dir='ltr'>mibi</span> <span class='ocrx_word' id='word_1_36' title='bbox 261 612 366 691; x_wconf 88' lang='lat' dir='ltr'>credis,</span> <span class='ocrx_word' id='word_1_37' title='bbox 382 611 583 690; x_wconf 75' lang='lat' dir='ltr'>indulgentiam</span> <span class='ocrx_word' id='word_1_38' title='bbox 597 623 673 675; x_wconf 89' lang='lat' dir='ltr'>tuum</span> <span class='ocrx_word' id='word_1_39' title='bbox 688 613 776 675; x_wconf 91' lang='lat' dir='ltr'>dabis.</span> <span class='ocrx_word' id='word_1_40' title='bbox 810 613 895 675; x_wconf 83' lang='lat' dir='ltr'>Dabit</span> <span class='ocrx_word' id='word_1_41' title='bbox 910 618 974 695; x_wconf 89' lang='lat' dir='ltr'>ipse</span> <span class='ocrx_word' id='word_1_42' title='bbox 991 634 1107 693; x_wconf 83' lang='lat' dir='ltr'>operam</span> 
     </span>
    </p>

    <p class='ocr_par' dir='ltr' id='par_1_3' title="bbox 71 695 1134 1113">
     <span class='ocr_line' id='line_1_6' title="bbox 71 695 1106 775; baseline 0.001 -16"><span class='ocrx_word' id='word_1_43' title='bbox 71 708 127 759; x_wconf 73' lang='lat' dir='ltr'>sut</span> <span class='ocrx_word' id='word_1_44' title='bbox 141 699 170 757; x_wconf 94' lang='lat' dir='ltr'>in</span> <span class='ocrx_word' id='word_1_45' title='bbox 184 696 219 756; x_wconf 94' lang='lat' dir='ltr'>iis</span> <span class='ocrx_word' id='word_1_46' title='bbox 234 715 307 775; x_wconf 87' lang='lat' dir='ltr'>quae</span> <span class='ocrx_word' id='word_1_47' title='bbox 325 699 353 756; x_wconf 90' lang='lat' dir='ltr'>ei</span> <span class='ocrx_word' id='word_1_48' title='bbox 374 695 551 757; x_wconf 82' lang='lat' dir='ltr'>mandaveris</span> <span class='ocrx_word' id='word_1_49' title='bbox 573 698 677 757; x_wconf 90' lang='lat' dir='ltr'>maiora</span> <span class='ocrx_word' id='word_1_50' title='bbox 697 707 848 758; x_wconf 89' lang='lat' dir='ltr'>mereatur.</span> <span class='ocrx_word' id='word_1_51' title='bbox 879 699 1041 760; x_wconf 81' lang='lat' dir='ltr'>Parciorem</span> <span class='ocrx_word' id='word_1_52' title='bbox 1061 718 1106 759; x_wconf 91' lang='lat' dir='ltr'>me</span> 
     </span>
     <span class='ocr_line' id='line_1_7' title="bbox 98 780 1106 862; baseline 0.002 -21"><span class='ocrx_word' id='word_1_53' title='bbox 98 785 127 841; x_wconf 92' lang='lat' dir='ltr'>in</span> <span class='ocrx_word' id='word_1_54' title='bbox 142 780 281 841; x_wconf 89' lang='lat' dir='ltr'>laudando</span> <span class='ocrx_word' id='word_1_55' title='bbox 298 780 367 840; x_wconf 89' lang='lat' dir='ltr'>iacit</span> <span class='ocrx_word' id='word_1_56' title='bbox 388 780 465 860; x_wconf 89' lang='lat' dir='ltr'>quod</span> <span class='ocrx_word' id='word_1_57' title='bbox 486 799 573 860; x_wconf 91' lang='lat' dir='ltr'>spero</span> <span class='ocrx_word' id='word_1_58' title='bbox 594 782 645 841; x_wconf 94' lang='lat' dir='ltr'>tibi</span> <span class='ocrx_word' id='word_1_59' title='bbox 666 791 695 842; x_wconf 93' lang='lat' dir='ltr'>et</span> <span class='ocrx_word' id='word_1_60' title='bbox 709 784 902 860; x_wconf 76' lang='lat' dir='ltr'>integritatem</span> <span class='ocrx_word' id='word_1_61' title='bbox 918 785 979 844; x_wconf 91' lang='lat' dir='ltr'>eius</span> <span class='ocrx_word' id='word_1_62' title='bbox 995 793 1025 843; x_wconf 93' lang='lat' dir='ltr'>et</span> <span class='ocrx_word' id='word_1_63' title='bbox 1040 800 1106 862; x_wconf 89' lang='lat' dir='ltr'>pro·</span> 
     </span>
     <span class='ocr_line' id='line_1_8' title="bbox 98 862 1106 945; baseline 0 -19"><span class='ocrx_word' id='word_1_64' title='bbox 98 867 214 926; x_wconf 85' lang='lat' dir='ltr'>bitatem</span> <span class='ocrx_word' id='word_1_65' title='bbox 225 874 255 925; x_wconf 89' lang='lat' dir='ltr'>et</span> <span class='ocrx_word' id='word_1_66' title='bbox 268 862 432 925; x_wconf 85' lang='lat' dir='ltr'>industriam</span> <span class='ocrx_word' id='word_1_67' title='bbox 441 882 497 925; x_wconf 95' lang='lat' dir='ltr'>non</span> <span class='ocrx_word' id='word_1_68' title='bbox 507 865 598 926; x_wconf 90' lang='lat' dir='ltr'>solum</span> <span class='ocrx_word' id='word_1_69' title='bbox 608 884 646 926; x_wconf 88' lang='lat' dir='ltr'>ex</span> <span class='ocrx_word' id='word_1_70' title='bbox 658 868 719 926; x_wconf 88' lang='lat' dir='ltr'>eius</span> <span class='ocrx_word' id='word_1_71' title='bbox 730 866 897 943; x_wconf 89' lang='lat' dir='ltr'>bonoribus,</span> <span class='ocrx_word' id='word_1_72' title='bbox 911 885 984 945; x_wconf 84' lang='lat' dir='ltr'>quos</span> <span class='ocrx_word' id='word_1_73' title='bbox 995 870 1023 928; x_wconf 86' lang='lat' dir='ltr'>ln</span> <span class='ocrx_word' id='word_1_74' title='bbox 1035 868 1106 928; x_wconf 88' lang='lat' dir='ltr'>urbo</span> 
     </span>
     <span class='ocr_line' id='line_1_9' title="bbox 98 948 1106 1026; baseline 0.001 -17"><span class='ocrx_word' id='word_1_75' title='bbox 98 950 151 1010; x_wconf 88' lang='lat' dir='ltr'>sub</span> <span class='ocrx_word' id='word_1_76' title='bbox 167 948 261 1009; x_wconf 88' lang='lat' dir='ltr'>oculis</span> <span class='ocrx_word' id='word_1_77' title='bbox 275 951 331 1010; x_wconf 92' lang='lat' dir='ltr'>tuis</span> <span class='ocrx_word' id='word_1_78' title='bbox 346 951 448 1026; x_wconf 78' lang='lat' dir='ltr'>gessit,</span> <span class='ocrx_word' id='word_1_79' title='bbox 463 967 561 1009; x_wconf 90' lang='lat' dir='ltr'>vemm</span> <span class='ocrx_word' id='word_1_80' title='bbox 577 951 661 1009; x_wconf 89' lang='lat' dir='ltr'>etiam</span> <span class='ocrx_word' id='word_1_81' title='bbox 678 969 715 1010; x_wconf 84' lang='lat' dir='ltr'>ex</span> <span class='ocrx_word' id='word_1_82' title='bbox 730 950 892 1011; x_wconf 82' lang='lat' dir='ltr'>commilitio</span> <span class='ocrx_word' id='word_1_83' title='bbox 912 970 980 1013; x_wconf 88' lang='lat' dir='ltr'>esse</span> <span class='ocrx_word' id='word_1_84' title='bbox 992 954 1106 1013; x_wconf 92' lang='lat' dir='ltr'>notissi-</span> 
     </span>
     <span class='ocr_line' id='line_1_10' title="bbox 98 1032 1134 1113; baseline 0.004 -21"><span class='ocrx_word' id='word_1_85' title='bbox 98 1052 179 1093; x_wconf 90' lang='lat' dir='ltr'>mam.</span> <span class='ocrx_word' id='word_1_86' title='bbox 213 1032 288 1094; x_wconf 95' lang='lat' dir='ltr'>lllud</span> <span class='ocrx_word' id='word_1_87' title='bbox 302 1051 405 1109; x_wconf 91' lang='lat' dir='ltr'>unum,</span> <span class='ocrx_word' id='word_1_88' title='bbox 430 1033 507 1112; x_wconf 88' lang='lat' dir='ltr'>quod</span> <span class='ocrx_word' id='word_1_89' title='bbox 528 1043 648 1113; x_wconf 87' lang='lat' dir='ltr'>propter</span> <span class='ocrx_word' id='word_1_90' title='bbox 664 1036 809 1095; x_wconf 89' lang='lat' dir='ltr'>caritatem</span> <span class='ocrx_word' id='word_1_91' title='bbox 824 1036 886 1095; x_wconf 89' lang='lat' dir='ltr'>eius</span> <span class='ocrx_word' id='word_1_92' title='bbox 900 1036 1023 1096; x_wconf 92' lang='lat' dir='ltr'>nondum</span> <span class='ocrx_word' id='word_1_93' title='bbox 1039 1035 1134 1096; x_wconf 79' lang='lat' dir='ltr'>mihis</span> 
     </span>
    </p>

    <p class='ocr_par' dir='ltr' id='par_1_4' title="bbox 57 1116 1107 1365">
     <span class='ocr_line' id='line_1_11' title="bbox 57 1116 1106 1200; baseline 0.005 -25"><span class='ocrx_word' id='word_1_94' title='bbox 57 1118 199 1178; x_wconf 84' lang='lat' dir='ltr'>lovideor</span> <span class='ocrx_word' id='word_1_95' title='bbox 212 1119 280 1176; x_wconf 90' lang='lat' dir='ltr'>satis</span> <span class='ocrx_word' id='word_1_96' title='bbox 295 1116 382 1196; x_wconf 89' lang='lat' dir='ltr'>plene</span> <span class='ocrx_word' id='word_1_97' title='bbox 399 1117 525 1195; x_wconf 83' lang='lat' dir='ltr'>iecisse,</span> <span class='ocrx_word' id='word_1_98' title='bbox 541 1121 624 1178; x_wconf 89' lang='lat' dir='ltr'>etiam</span> <span class='ocrx_word' id='word_1_99' title='bbox 639 1128 724 1198; x_wconf 89' lang='lat' dir='ltr'>atque</span> <span class='ocrx_word' id='word_1_100' title='bbox 741 1121 825 1179; x_wconf 88' lang='lat' dir='ltr'>etiam</span> <span class='ocrx_word' id='word_1_101' title='bbox 839 1118 916 1180; x_wconf 86' lang='lat' dir='ltr'>lacio</span> <span class='ocrx_word' id='word_1_102' title='bbox 930 1129 1035 1200; x_wconf 86' lang='lat' dir='ltr'>teque,</span> <span class='ocrx_word' id='word_1_103' title='bbox 1053 1120 1106 1180; x_wconf 94' lang='lat' dir='ltr'>do-</span> 
     </span>
     <span class='ocr_line' id='line_1_12' title="bbox 97 1199 1107 1282; baseline 0.002 -21"><span class='ocrx_word' id='word_1_104' title='bbox 97 1204 190 1278; x_wconf 84' lang='lat' dir='ltr'>mine,</span> <span class='ocrx_word' id='word_1_105' title='bbox 212 1217 286 1278; x_wconf 96' lang='lat' dir='ltr'>rogo</span> <span class='ocrx_word' id='word_1_106' title='bbox 301 1199 427 1278; x_wconf 85' lang='lat' dir='ltr'>gaudere</span> <span class='ocrx_word' id='word_1_107' title='bbox 442 1219 487 1260; x_wconf 91' lang='lat' dir='ltr'>me</span> <span class='ocrx_word' id='word_1_108' title='bbox 503 1212 637 1262; x_wconf 86' lang='lat' dir='ltr'>exornata</span> <span class='ocrx_word' id='word_1_109' title='bbox 653 1205 814 1280; x_wconf 89' lang='lat' dir='ltr'>quaestoris</span> <span class='ocrx_word' id='word_1_110' title='bbox 831 1205 887 1262; x_wconf 92' lang='lat' dir='ltr'>mei</span> <span class='ocrx_word' id='word_1_111' title='bbox 903 1203 1055 1282; x_wconf 87' lang='lat' dir='ltr'>dignitate,</span> <span class='ocrx_word' id='word_1_112' title='bbox 1079 1204 1107 1263; x_wconf 93' lang='lat' dir='ltr'>id</span> 
     </span>
     <span class='ocr_line' id='line_1_13' title="bbox 99 1283 803 1365; baseline -0.003 -20"><span class='ocrx_word' id='word_1_113' title='bbox 99 1297 145 1346; x_wconf 94' lang='lat' dir='ltr'>est</span> <span class='ocrx_word' id='word_1_114' title='bbox 160 1303 214 1365; x_wconf 90' lang='lat' dir='ltr'>per</span> <span class='ocrx_word' id='word_1_115' title='bbox 230 1283 310 1343; x_wconf 92' lang='lat' dir='ltr'>illum</span> <span class='ocrx_word' id='word_1_116' title='bbox 325 1302 399 1362; x_wconf 91' lang='lat' dir='ltr'>mea,</span> <span class='ocrx_word' id='word_1_117' title='bbox 419 1302 502 1363; x_wconf 83' lang='lat' dir='ltr'>quam</span> <span class='ocrx_word' id='word_1_118' title='bbox 517 1287 705 1345; x_wconf 86' lang='lat' dir='ltr'>maturissime</span> <span class='ocrx_word' id='word_1_119' title='bbox 720 1286 803 1345; x_wconf 89' lang='lat' dir='ltr'>velis.</span> 
     </span>
    </p>
   </div>
   <div class='ocr_carea' id='block_1_3' title="bbox 56 1416 877 1588">
    <p class='ocr_par' dir='ltr' id='par_1_5' title="bbox 56 1416 877 1588">
     <span class='ocr_line' id='line_1_14' title="bbox 454 1416 749 1498; baseline -0.003 -19"><span class='ocrx_word' id='word_1_120' title='bbox 454 1416 570 1479; x_wconf 86' lang='lat' dir='ltr'>xxvu.</span> <span class='ocrx_word' id='word_1_121' title='bbox 597 1416 749 1498; x_wconf 72' lang='lat' dir='ltr'>[xxxva]</span> 
     </span>
     <span class='ocr_line' id='line_1_15' title="bbox 56 1517 877 1588; baseline -0.001 -20"><span class='ocrx_word' id='word_1_122' title='bbox 56 1538 89 1588; x_wconf 83' lang='lat'>15</span> <span class='ocrx_word' id='word_1_123' title='bbox 325 1518 351 1568; x_wconf 84' lang='lat' dir='ltr'>G.</span> <span class='ocrx_word' id='word_1_124' title='bbox 370 1517 494 1568; x_wconf 83' lang='lat' dir='ltr'><strong>PLINIUS</strong></span> <span class='ocrx_word' id='word_1_125' title='bbox 509 1518 653 1569; x_wconf 81' lang='lat' dir='ltr'><strong>TRAIANO</strong></span> <span class='ocrx_word' id='word_1_126' title='bbox 669 1518 877 1570; x_wconf 81' lang='lat' dir='ltr'><strong>IMPERATORI.</strong></span> 
     </span>
    </p>
   </div>
   <div class='ocr_carea' id='block_1_4' title="bbox 10 1619 1107 2286">
    <p class='ocr_par' dir='ltr' id='par_1_6' title="bbox 98 1619 1107 1952">
     <span class='ocr_line' id='line_1_16' title="bbox 163 1619 1105 1701; baseline 0.001 -21"><span class='ocrx_word' id='word_1_127' title='bbox 163 1619 318 1698; x_wconf 80' lang='lat' dir='ltr'>Maximus,</span> <span class='ocrx_word' id='word_1_128' title='bbox 339 1622 459 1682; x_wconf 87' lang='lat' dir='ltr'>libertus</span> <span class='ocrx_word' id='word_1_129' title='bbox 475 1631 504 1682; x_wconf 92' lang='lat' dir='ltr'>et</span> <span class='ocrx_word' id='word_1_130' title='bbox 516 1631 684 1701; x_wconf 89' lang='lat' dir='ltr'>procurator</span> <span class='ocrx_word' id='word_1_131' title='bbox 698 1633 774 1698; x_wconf 91' lang='lat' dir='ltr'>tuus,</span> <span class='ocrx_word' id='word_1_132' title='bbox 788 1621 911 1700; x_wconf 92' lang='lat' dir='ltr'>domine,</span> <span class='ocrx_word' id='word_1_133' title='bbox 928 1632 1042 1700; x_wconf 89' lang='lat' dir='ltr'>praeter</span> <span class='ocrx_word' id='word_1_134' title='bbox 1056 1622 1105 1681; x_wconf 93' lang='lat' dir='ltr'>de·</span> 
     </span>
     <span class='ocr_line' id='line_1_17' title="bbox 99 1705 1105 1785; baseline 0.002 -21"><span class='ocrx_word' id='word_1_135' title='bbox 99 1723 161 1765; x_wconf 88' lang='lat' dir='ltr'>com</span> <span class='ocrx_word' id='word_1_136' title='bbox 176 1706 386 1785; x_wconf 84' lang='lat' dir='ltr'>beneficiarios,</span> <span class='ocrx_word' id='word_1_137' title='bbox 401 1723 475 1784; x_wconf 86' lang='lat' dir='ltr'>quos</span> <span class='ocrx_word' id='word_1_138' title='bbox 489 1706 629 1783; x_wconf 87' lang='lat' dir='ltr'>adsignari</span> <span class='ocrx_word' id='word_1_139' title='bbox 642 1725 657 1766; x_wconf 92' lang='lat' dir='ltr'>a</span> <span class='ocrx_word' id='word_1_140' title='bbox 668 1725 713 1766; x_wconf 88' lang='lat' dir='ltr'>me</span> <span class='ocrx_word' id='word_1_141' title='bbox 726 1705 895 1783; x_wconf 85' lang='lat' dir='ltr'>Gemellino,</span> <span class='ocrx_word' id='word_1_142' title='bbox 912 1708 1020 1784; x_wconf 93' lang='lat' dir='ltr'>optimo</span> <span class='ocrx_word' id='word_1_143' title='bbox 1032 1709 1105 1784; x_wconf 91' lang='lat' dir='ltr'>viro,</span> 
     </span>
     <span class='ocr_line' id='line_1_18' title="bbox 98 1790 1107 1871; baseline 0.002 -23"><span class='ocrx_word' id='word_1_144' title='bbox 98 1791 221 1867; x_wconf 90' lang='lat' dir='ltr'>iussisti,</span> <span class='ocrx_word' id='word_1_145' title='bbox 243 1791 298 1851; x_wconf 91' lang='lat' dir='ltr'>sibi</span> <span class='ocrx_word' id='word_1_146' title='bbox 319 1808 434 1871; x_wconf 87' lang='lat' dir='ltr'>quoque</span> <span class='ocrx_word' id='word_1_147' title='bbox 456 1791 602 1851; x_wconf 77' lang='lat' dir='ltr'>confirmat</span> <span class='ocrx_word' id='word_1_148' title='bbox 621 1792 805 1851; x_wconf 82' lang='lat' dir='ltr'>necessarIos</span> <span class='ocrx_word' id='word_1_149' title='bbox 827 1809 894 1852; x_wconf 88' lang='lat' dir='ltr'>esse</span> <span class='ocrx_word' id='word_1_150' title='bbox 912 1790 1028 1852; x_wconf 88' lang='lat' dir='ltr'>milites.</span> <span class='ocrx_word' id='word_1_151' title='bbox 1061 1791 1107 1850; x_wconf 85' lang='lat' dir='ltr'>Ex</span> 
     </span>
     <span class='ocr_line' id='line_1_19' title="bbox 99 1874 1105 1952; baseline 0.002 -19"><span class='ocrx_word' id='word_1_152' title='bbox 99 1874 143 1934; x_wconf 84' lang='lat' dir='ltr'>bIs</span> <span class='ocrx_word' id='word_1_153' title='bbox 165 1875 276 1934; x_wconf 87' lang='lat' dir='ltr'>interim</span> <span class='ocrx_word' id='word_1_154' title='bbox 294 1917 387 1952; x_wconf 90' lang='lat'>....,</span> <span class='ocrx_word' id='word_1_155' title='bbox 409 1877 484 1935; x_wconf 89' lang='lat' dir='ltr'>sicut</span> <span class='ocrx_word' id='word_1_156' title='bbox 505 1876 682 1951; x_wconf 84' lang='lat' dir='ltr'>inveneram,</span> <span class='ocrx_word' id='word_1_157' title='bbox 711 1876 739 1935; x_wconf 92' lang='lat' dir='ltr'>in</span> <span class='ocrx_word' id='word_1_158' title='bbox 759 1875 916 1935; x_wconf 86' lang='lat' dir='ltr'>mInisterio</span> <span class='ocrx_word' id='word_1_159' title='bbox 937 1878 999 1936; x_wconf 90' lang='lat' dir='ltr'>eius</span> <span class='ocrx_word' id='word_1_160' title='bbox 1021 1875 1105 1935; x_wconf 88' lang='lat' dir='ltr'>reliu-</span> 
     </span>
    </p>

    <p class='ocr_par' dir='ltr' id='par_1_7' title="bbox 10 1957 1107 2286">
     <span class='ocr_line' id='line_1_20' title="bbox 55 1957 1107 2038; baseline 0.005 -24"><span class='ocrx_word' id='word_1_161' title='bbox 55 1957 230 2037; x_wconf 77' lang='lat' dir='ltr'>coquendos</span> <span class='ocrx_word' id='word_1_162' title='bbox 242 1959 418 2034; x_wconf 84' lang='lat' dir='ltr'>existimavi,</span> <span class='ocrx_word' id='word_1_163' title='bbox 440 1959 609 2035; x_wconf 88' lang='lat' dir='ltr'>praesertim</span> <span class='ocrx_word' id='word_1_164' title='bbox 628 1975 693 2018; x_wconf 90' lang='lat' dir='ltr'>curn</span> <span class='ocrx_word' id='word_1_165' title='bbox 713 1958 749 2017; x_wconf 93' lang='lat' dir='ltr'>ad</span> <span class='ocrx_word' id='word_1_166' title='bbox 764 1958 935 2019; x_wconf 87' lang='lat' dir='ltr'>Immentum</span> <span class='ocrx_word' id='word_1_167' title='bbox 950 1978 1107 2038; x_wconf 87' lang='lat' dir='ltr'>conparan-</span> 
     </span>
     <span class='ocr_line' id='line_1_21' title="bbox 10 2028 1106 2121; baseline 0 -20"><span class='ocrx_word' id='word_1_168' title='bbox 10 2028 14 2051; x_wconf 75' lang='lat'><em>&#39;</em></span> <span class='ocrx_word' id='word_1_169' title='bbox 99 2041 164 2101; x_wconf 90' lang='lat' dir='ltr'>dum</span> <span class='ocrx_word' id='word_1_170' title='bbox 178 2044 232 2101; x_wconf 90' lang='lat' dir='ltr'>iret</span> <span class='ocrx_word' id='word_1_171' title='bbox 246 2043 275 2100; x_wconf 88' lang='lat' dir='ltr'>iu</span> <span class='ocrx_word' id='word_1_172' title='bbox 290 2039 517 2118; x_wconf 86' lang='lat' dir='ltr'>Paphlagoniam.</span> <span class='ocrx_word' id='word_1_173' title='bbox 547 2039 621 2113; x_wconf 81' lang='lat' dir='ltr'>Quin</span> <span class='ocrx_word' id='word_1_174' title='bbox 636 2043 721 2101; x_wconf 89' lang='lat' dir='ltr'>etiam</span> <span class='ocrx_word' id='word_1_175' title='bbox 736 2041 842 2102; x_wconf 90' lang='lat' dir='ltr'>tutelae</span> <span class='ocrx_word' id='word_1_176' title='bbox 859 2059 962 2120; x_wconf 89' lang='lat' dir='ltr'>causa,</span> <span class='ocrx_word' id='word_1_177' title='bbox 985 2045 1050 2121; x_wconf 85' lang='lat' dir='ltr'>quia</span> <span class='ocrx_word' id='word_1_178' title='bbox 1067 2044 1106 2102; x_wconf 92' lang='lat' dir='ltr'>ita</span> 
     </span>
     <span class='ocr_line' id='line_1_22' title="bbox 99 2122 1106 2203; baseline 0.002 -20"><span class='ocrx_word' id='word_1_179' title='bbox 99 2124 297 2202; x_wconf 87' lang='lat' dir='ltr'>desiderabat,</span> <span class='ocrx_word' id='word_1_180' title='bbox 314 2123 410 2184; x_wconf 91' lang='lat' dir='ltr'>addidi</span> <span class='ocrx_word' id='word_1_181' title='bbox 430 2122 502 2183; x_wconf 91' lang='lat' dir='ltr'>duos</span> <span class='ocrx_word' id='word_1_182' title='bbox 517 2125 638 2201; x_wconf 87' lang='lat' dir='ltr'>equites.</span> <span class='ocrx_word' id='word_1_183' title='bbox 668 2123 700 2184; x_wconf 94' lang='lat' dir='ltr'>ln</span> <span class='ocrx_word' id='word_1_184' title='bbox 717 2124 839 2184; x_wconf 80' lang='lat' dir='ltr'>futurum</span> <span class='ocrx_word' id='word_1_185' title='bbox 855 2125 921 2203; x_wconf 83' lang='lat' dir='ltr'>quid</span> <span class='ocrx_word' id='word_1_186' title='bbox 937 2127 1043 2185; x_wconf 86' lang='lat' dir='ltr'>servari</span> <span class='ocrx_word' id='word_1_187' title='bbox 1057 2144 1106 2185; x_wconf 86' lang='lat' dir='ltr'>re·</span> 
     </span>
     <span class='ocr_line' id='line_1_23' title="bbox 98 2208 391 2286; baseline -0.003 -18"><span class='ocrx_word' id='word_1_188' title='bbox 98 2209 135 2268; x_wconf 90' lang='lat' dir='ltr'>lis</span> <span class='ocrx_word' id='word_1_189' title='bbox 150 2225 222 2286; x_wconf 92' lang='lat' dir='ltr'>rogo</span> <span class='ocrx_word' id='word_1_190' title='bbox 237 2208 391 2269; x_wconf 81' lang='lat' dir='ltr'>rescribas.</span> 
     </span>
    </p>
   </div>
   <div class='ocr_carea' id='block_1_5' title="bbox 50 2339 782 2492">
    <p class='ocr_par' dir='ltr' id='par_1_8' title="bbox 50 2339 782 2492">
     <span class='ocr_line' id='line_1_24' title="bbox 50 2339 759 2433; baseline 0.001 -33"><span class='ocrx_word' id='word_1_191' title='bbox 50 2381 88 2433; x_wconf 72' lang='lat' dir='ltr'>ss</span> <span class='ocrx_word' id='word_1_192' title='bbox 444 2339 759 2421; x_wconf 79' lang='lat' dir='ltr'>xxv111.[xxxv11.1</span> 
     </span>
     <span class='ocr_line' id='line_1_25' title="bbox 421 2439 782 2492; baseline 0 -1"><span class='ocrx_word' id='word_1_193' title='bbox 421 2442 585 2492; x_wconf 80' lang='lat' dir='ltr'><strong>TRAIANUS</strong></span> <span class='ocrx_word' id='word_1_194' title='bbox 619 2441 727 2492; x_wconf 88' lang='lat' dir='ltr'><strong>PLINIO</strong></span> <span class='ocrx_word' id='word_1_195' title='bbox 756 2439 782 2491; x_wconf 89' lang='lat' dir='ltr'>S.</span> 
     </span>
    </p>
   </div>
   <div class='ocr_carea' id='block_1_6' title="bbox 52 2542 1108 2962">
    <p class='ocr_par' dir='ltr' id='par_1_9' title="bbox 98 2542 1107 2796">
     <span class='ocr_line' id='line_1_26' title="bbox 161 2542 1106 2625; baseline -0.001 -20"><span class='ocrx_word' id='word_1_196' title='bbox 161 2545 243 2606; x_wconf 88' lang='lat' dir='ltr'>Nunc</span> <span class='ocrx_word' id='word_1_197' title='bbox 263 2546 377 2625; x_wconf 84' lang='lat' dir='ltr'>quidem</span> <span class='ocrx_word' id='word_1_198' title='bbox 398 2548 631 2625; x_wconf 85' lang='lat' dir='ltr'>proficiscentem</span> <span class='ocrx_word' id='word_1_199' title='bbox 652 2544 687 2605; x_wconf 91' lang='lat' dir='ltr'>ad</span> <span class='ocrx_word' id='word_1_200' title='bbox 709 2543 937 2624; x_wconf 83' lang='lat' dir='ltr'>conparationem</span> <span class='ocrx_word' id='word_1_201' title='bbox 951 2542 1106 2604; x_wconf 81' lang='lat' dir='ltr'>frumento·</span> 
     </span>
     <span class='ocr_line' id='line_1_27' title="bbox 98 2627 1105 2709; baseline -0.001 -20"><span class='ocrx_word' id='word_1_202' title='bbox 98 2649 160 2689; x_wconf 89' lang='lat' dir='ltr'>rum</span> <span class='ocrx_word' id='word_1_203' title='bbox 180 2628 347 2709; x_wconf 83' lang='lat' dir='ltr'>Maximum,</span> <span class='ocrx_word' id='word_1_204' title='bbox 376 2631 509 2692; x_wconf 91' lang='lat' dir='ltr'>libertum</span> <span class='ocrx_word' id='word_1_205' title='bbox 534 2648 645 2708; x_wconf 91' lang='lat' dir='ltr'>meum,</span> <span class='ocrx_word' id='word_1_206' title='bbox 671 2638 753 2691; x_wconf 89' lang='lat' dir='ltr'>reete</span> <span class='ocrx_word' id='word_1_207' title='bbox 780 2627 913 2690; x_wconf 89' lang='lat' dir='ltr'>militibus</span> <span class='ocrx_word' id='word_1_208' title='bbox 941 2628 1105 2690; x_wconf 81' lang='lat' dir='ltr'>instruxisti.</span> 
     </span>
     <span class='ocr_line' id='line_1_28' title="bbox 99 2710 1107 2796; baseline -0.001 -23"><span class='ocrx_word' id='word_1_209' title='bbox 99 2713 282 2792; x_wconf 82' lang='lat' dir='ltr'>Fungebatur</span> <span class='ocrx_word' id='word_1_210' title='bbox 293 2715 369 2775; x_wconf 88' lang='lat' dir='ltr'>enim</span> <span class='ocrx_word' id='word_1_211' title='bbox 389 2725 418 2775; x_wconf 88' lang='lat' dir='ltr'>ot</span> <span class='ocrx_word' id='word_1_212' title='bbox 438 2717 501 2796; x_wconf 91' lang='lat' dir='ltr'>ipse</span> <span class='ocrx_word' id='word_1_213' title='bbox 516 2713 738 2775; x_wconf 85' lang='lat' dir='ltr'>extraordinario</span> <span class='ocrx_word' id='word_1_214' title='bbox 752 2731 881 2774; x_wconf 88' lang='lat' dir='ltr'>munere.</span> <span class='ocrx_word' id='word_1_215' title='bbox 910 2710 983 2774; x_wconf 84' lang='lat' dir='ltr'>cum</span> <span class='ocrx_word' id='word_1_216' title='bbox 997 2712 1033 2773; x_wconf 93' lang='lat' dir='ltr'>ad</span> <span class='ocrx_word' id='word_1_217' title='bbox 1050 2713 1107 2793; x_wconf 93' lang='lat' dir='ltr'>pri·</span> 
     </span>
    </p>

    <p class='ocr_par' dir='ltr' id='par_1_10' title="bbox 52 2796 1108 2962">
     <span class='ocr_line' id='line_1_29' title="bbox 52 2796 1108 2876; baseline -0.003 -15"><span class='ocrx_word' id='word_1_218' title='bbox 52 2801 202 2861; x_wconf 78' lang='lat' dir='ltr'>aosttnun</span> <span class='ocrx_word' id='word_1_219' title='bbox 216 2808 310 2860; x_wconf 87' lang='lat' dir='ltr'>aetum</span> <span class='ocrx_word' id='word_1_220' title='bbox 324 2816 459 2861; x_wconf 87' lang='lat' dir='ltr'>reversus</span> <span class='ocrx_word' id='word_1_221' title='bbox 474 2799 571 2876; x_wconf 81' lang='lat' dir='ltr'>luerit,</span> <span class='ocrx_word' id='word_1_222' title='bbox 587 2798 731 2859; x_wconf 84' lang='lat' dir='ltr'>sufficient</span> <span class='ocrx_word' id='word_1_223' title='bbox 740 2797 781 2858; x_wconf 94' lang='lat' dir='ltr'>illi</span> <span class='ocrx_word' id='word_1_224' title='bbox 792 2797 848 2858; x_wconf 91' lang='lat' dir='ltr'>duo</span> <span class='ocrx_word' id='word_1_225' title='bbox 863 2817 880 2859; x_wconf 90' lang='lat' dir='ltr'>a</span> <span class='ocrx_word' id='word_1_226' title='bbox 895 2807 924 2858; x_wconf 92' lang='lat' dir='ltr'>te</span> <span class='ocrx_word' id='word_1_227' title='bbox 935 2796 992 2858; x_wconf 89' lang='lat' dir='ltr'>dati</span> <span class='ocrx_word' id='word_1_228' title='bbox 1003 2796 1108 2858; x_wconf 91' lang='lat' dir='ltr'>miIites</span> 
     </span>
     <span class='ocr_line' id='line_1_30' title="bbox 99 2881 1107 2962; baseline -0.004 -19"><span class='ocrx_word' id='word_1_229' title='bbox 99 2894 128 2944; x_wconf 90' lang='lat' dir='ltr'>ct</span> <span class='ocrx_word' id='word_1_230' title='bbox 143 2883 261 2944; x_wconf 88' lang='lat' dir='ltr'>totidem</span> <span class='ocrx_word' id='word_1_231' title='bbox 276 2881 402 2944; x_wconf 90' lang='lat' dir='ltr'>aVirdio</span> <span class='ocrx_word' id='word_1_232' title='bbox 415 2881 587 2961; x_wconf 81' lang='lat' dir='ltr'>Gemellino,</span> <span class='ocrx_word' id='word_1_233' title='bbox 604 2890 788 2961; x_wconf 84' lang='lat' dir='ltr'>procuratore</span> <span class='ocrx_word' id='word_1_234' title='bbox 799 2900 876 2960; x_wconf 90' lang='lat' dir='ltr'>meo,</span> <span class='ocrx_word' id='word_1_235' title='bbox 892 2901 977 2962; x_wconf 84' lang='lat' dir='ltr'>quem</span> <span class='ocrx_word' id='word_1_236' title='bbox 986 2881 1107 2942; x_wconf 87' lang='lat' dir='ltr'>adiuvat.</span> 
     </span>
    </p>
   </div>
   <div class='ocr_carea' id='block_1_7' title="bbox 319 3015 885 3172">
    <p class='ocr_par' dir='ltr' id='par_1_11' title="bbox 319 3015 885 3172">
     <span class='ocr_line' id='line_1_31' title="bbox 428 3015 780 3098; baseline 0 -20"><span class='ocrx_word' id='word_1_237' title='bbox 428 3015 576 3078; x_wconf 85' lang='lat' dir='ltr'>xxvttn.</span> <span class='ocrx_word' id='word_1_238' title='bbox 599 3016 780 3098; x_wconf 74' lang='lat' dir='ltr'>{xxxviii}</span> 
     </span>
     <span class='ocr_line' id='line_1_32' title="bbox 319 3117 885 3172; baseline 0.002 -4"><span class='ocrx_word' id='word_1_239' title='bbox 319 3117 347 3172; x_wconf 81' lang='lat' dir='ltr'>G.</span> <span class='ocrx_word' id='word_1_240' title='bbox 366 3118 493 3171; x_wconf 87' lang='lat' dir='ltr'><strong>PLINIUS</strong></span> <span class='ocrx_word' id='word_1_241' title='bbox 512 3118 657 3169; x_wconf 76' lang='lat' dir='ltr'><strong>TRAIANO</strong></span> <span class='ocrx_word' id='word_1_242' title='bbox 676 3117 885 3170; x_wconf 79' lang='lat' dir='ltr'><strong>IMPERATORI.</strong></span> 
     </span>
    </p>
   </div>
   <div class='ocr_carea' id='block_1_8' title="bbox 26 3215 1134 3556">
    <p class='ocr_par' dir='ltr' id='par_1_12' title="bbox 26 3215 1134 3556">
     <span class='ocr_line' id='line_1_33' title="bbox 26 3215 1132 3303; baseline -0.007 -17"><span class='ocrx_word' id='word_1_243' title='bbox 26 3279 30 3285; x_wconf 95' lang='lat'>.</span> <span class='ocrx_word' id='word_1_244' title='bbox 55 3233 90 3286; x_wconf 75' lang='lat'>35</span> <span class='ocrx_word' id='word_1_245' title='bbox 164 3221 349 3303; x_wconf 89' lang='lat' dir='ltr'>Sempronius</span> <span class='ocrx_word' id='word_1_246' title='bbox 361 3219 529 3300; x_wconf 83' lang='lat' dir='ltr'>Caelianus,</span> <span class='ocrx_word' id='word_1_247' title='bbox 546 3223 681 3301; x_wconf 85' lang='lat' dir='ltr'>egregius</span> <span class='ocrx_word' id='word_1_248' title='bbox 693 3221 821 3295; x_wconf 85' lang='lat' dir='ltr'>iuvenis,</span> <span class='ocrx_word' id='word_1_249' title='bbox 838 3224 970 3297; x_wconf 90' lang='lat' dir='ltr'>repertos</span> <span class='ocrx_word' id='word_1_250' title='bbox 986 3216 1059 3274; x_wconf 93' lang='lat' dir='ltr'>inter</span> <span class='ocrx_word' id='word_1_251' title='bbox 1074 3215 1132 3278; x_wconf 77' lang='lat' dir='ltr'>til</span> 
     </span>
     <span class='ocr_line' id='line_1_34' title="bbox 99 3297 1107 3385; baseline -0.006 -20"><span class='ocrx_word' id='word_1_252' title='bbox 99 3324 186 3369; x_wconf 91' lang='lat' dir='ltr'>rones</span> <span class='ocrx_word' id='word_1_253' title='bbox 207 3306 279 3368; x_wconf 89' lang='lat' dir='ltr'>duos</span> <span class='ocrx_word' id='word_1_254' title='bbox 302 3324 404 3368; x_wconf 86' lang='lat' dir='ltr'>servos</span> <span class='ocrx_word' id='word_1_255' title='bbox 423 3307 499 3368; x_wconf 91' lang='lat' dir='ltr'>misit</span> <span class='ocrx_word' id='word_1_256' title='bbox 519 3305 554 3366; x_wconf 93' lang='lat' dir='ltr'>ad</span> <span class='ocrx_word' id='word_1_257' title='bbox 573 3323 639 3375; x_wconf 69' lang='lat' dir='ltr'>me:</span> <span class='ocrx_word' id='word_1_258' title='bbox 656 3322 776 3385; x_wconf 89' lang='lat' dir='ltr'>quorum</span> <span class='ocrx_word' id='word_1_259' title='bbox 791 3318 848 3381; x_wconf 88' lang='lat' dir='ltr'>ego</span> <span class='ocrx_word' id='word_1_260' title='bbox 864 3298 1035 3380; x_wconf 85' lang='lat' dir='ltr'>supplicium</span> <span class='ocrx_word' id='word_1_261' title='bbox 1051 3297 1107 3359; x_wconf 90' lang='lat' dir='ltr'>dis·</span> 
     </span>
     <span class='ocr_line' id='line_1_35' title="bbox 99 3387 1107 3469; baseline -0.009 -18"><span class='ocrx_word' id='word_1_262' title='bbox 99 3391 166 3468; x_wconf 91' lang='lat' dir='ltr'>tuli,</span> <span class='ocrx_word' id='word_1_263' title='bbox 189 3401 219 3453; x_wconf 90' lang='lat' dir='ltr'>ut</span> <span class='ocrx_word' id='word_1_264' title='bbox 239 3400 269 3451; x_wconf 88' lang='lat' dir='ltr'>te</span> <span class='ocrx_word' id='word_1_265' title='bbox 285 3391 462 3452; x_wconf 90' lang='lat' dir='ltr'>conditorem</span> <span class='ocrx_word' id='word_1_266' title='bbox 477 3388 644 3469; x_wconf 87' lang='lat' dir='ltr'>disciplinae</span> <span class='ocrx_word' id='word_1_267' title='bbox 657 3387 783 3449; x_wconf 89' lang='lat' dir='ltr'>militaris</span> <span class='ocrx_word' id='word_1_268' title='bbox 799 3387 1025 3463; x_wconf 83' lang='lat' dir='ltr'>firmatoremque</span> <span class='ocrx_word' id='word_1_269' title='bbox 1039 3398 1107 3443; x_wconf 89' lang='lat' dir='ltr'>con·</span> 
     </span>
     <span class='ocr_line' id='line_1_36' title="bbox 100 3468 1134 3556; baseline -0.009 -19"><span class='ocrx_word' id='word_1_270' title='bbox 100 3475 225 3537; x_wconf 89' lang='lat' dir='ltr'>solerem</span> <span class='ocrx_word' id='word_1_271' title='bbox 246 3475 282 3536; x_wconf 89' lang='lat' dir='ltr'>de</span> <span class='ocrx_word' id='word_1_272' title='bbox 303 3476 389 3536; x_wconf 92' lang='lat' dir='ltr'>rnodo</span> <span class='ocrx_word' id='word_1_273' title='bbox 409 3492 530 3556; x_wconf 87' lang='lat' dir='ltr'>poenae.</span> <span class='ocrx_word' id='word_1_274' title='bbox 563 3472 632 3553; x_wconf 89' lang='lat' dir='ltr'>lpse</span> <span class='ocrx_word' id='word_1_275' title='bbox 650 3473 725 3532; x_wconf 90' lang='lat' dir='ltr'>enim</span> <span class='ocrx_word' id='word_1_276' title='bbox 740 3470 838 3531; x_wconf 90' lang='lat' dir='ltr'>dubito</span> <span class='ocrx_word' id='word_1_277' title='bbox 853 3469 890 3529; x_wconf 95' lang='lat' dir='ltr'>ob</span> <span class='ocrx_word' id='word_1_278' title='bbox 905 3468 961 3529; x_wconf 90' lang='lat' dir='ltr'>boc</span> <span class='ocrx_word' id='word_1_279' title='bbox 975 3469 1134 3555; x_wconf 60' lang='lat' dir='ltr'>mammea</span> 
     </span>
    </p>
   </div>
   <div class='ocr_carea' id='block_1_9' title="bbox 0 0 1311 4116">
    <p class='ocr_par' dir='ltr' id='par_1_13' title="bbox 0 0 1311 4116">
     <span class='ocr_line' id='line_1_37' title="bbox 0 0 1311 4116; baseline 0 0"><span class='ocrx_word' id='word_1_280' title='bbox 0 0 1311 4116; x_wconf 95' lang='lat' dir='ltr'> </span> 
     </span>
    </p>
   </div>
  </div>
 </body>
</html>
