2588 4116
140 206 182 268 54
566 200 598 261 C.
620 198 720 261 PLlNl

138 366 192 416 tur.
215 354 356 435 Hispanus
371 364 400 414 ot
415 354 524 414 Probus
539 355 567 412 in
579 353 795 432 quinquennium
809 350 939 428 relegati.
959 350 1041 410 Adeo
1053 370 1142 428 grave

98 448 131 502 18
139 442 229 498 visum
246 449 290 499 est
307 438 383 518 quod
400 440 477 497 initio
491 438 667 498 dubitabatur
679 455 712 496 an
724 437 835 495 omnino
848 437 952 494 crimen
964 444 1050 494 esset.
1074 434 1142 495 Post

139 541 248 602 paucos
265 523 327 582 dies
339 520 486 582 Claudium
497 521 630 598 Fuscum,
647 518 769 580 Classici
781 537 929 595 generum,
949 527 977 577 et
993 517 1142 578 Stilonium

139 605 282 684 Priscum,
309 608 356 684 qui
377 606 504 665 tribunus
520 606 646 664 cohortis
663 604 715 663 sub
732 600 861 662 Classico
877 602 979 679 iuerat,
995 604 1142 662 accusavi·

139 707 213 767 mus,
230 690 335 767 dispari
352 698 468 749 eventu:
485 688 583 748 Prisco
599 689 627 745 in
642 687 782 746 biennium
798 685 877 745 ltalia
888 686 1076 761 interdictum,
1093 687 1167 751 ab·5

98 782 132 837 19
141 772 251 833 solutus
268 783 312 832 est
327 772 445 832 Fuscus.
480 771 601 831 Actione
617 772 698 829 tertia
715 769 970 830 commodissimum
983 772 1143 847 putavimus

140 856 239 936 plures
255 873 451 933 congregare,
467 874 520 933 ne,
539 858 562 914 si
578 855 690 931 longius
706 863 785 914 esset
803 862 930 913 extracta
945 854 1081 930 cognitio,
1099 872 1142 913 sa·

139 942 236 999 tietate
254 949 283 998 et
305 938 398 998 taedio
420 939 541 1016 quodam
562 939 665 998 iustitia
690 938 924 1014 cognoscentium
946 939 1142 1016 severitasque

139 1023 355 1100 languesceret3
369 1030 398 1081 et
411 1022 517 1100 alioqui
528 1030 697 1099 supererant
709 1024 831 1080 minores
843 1023 885 1080 rei
897 1020 960 1081 data
970 1038 1058 1098 opera
1067 1021 1142 1080 hunc

138 1108 166 1166 in
181 1106 275 1166 locum
290 1109 445 1182 reservati,
469 1115 590 1184 excepta
605 1113 696 1164 tamen
715 1102 835 1164 Classici
850 1121 956 1180 uxore,
980 1122 1052 1183 quae
1069 1107 1142 1164 sicut
1152 1122 1186 1174 10

138 1189 264 1267 inplicita
280 1190 485 1268 suspitionibus
499 1192 537 1250 ita
552 1208 608 1249 nou
623 1191 692 1249 satis
708 1189 839 1247 convinci
856 1189 1070 1266 probationibus
1082 1191 1143 1247 visa

96 1282 193 1339 abest.
224 1272 294 1332 Nam
316 1273 437 1334 Classici
454 1272 524 1350 lilia,
550 1292 622 1351 quae
644 1282 673 1332 et
694 1274 755 1349 ipsa
777 1274 851 1331 inter
865 1291 932 1333 reos
948 1282 1022 1348 erat,
1044 1291 1080 1331 ne
1096 1291 1142 1330 su·

139 1358 309 1434 spitionibus
332 1357 444 1437 quidem
465 1357 610 1416 haerebat.
649 1356 748 1434 ltaque
768 1375 831 1415 cum
853 1356 887 1414 ad
910 1375 1012 1416 nomen
1034 1359 1094 1416 eius
1115 1359 1142 1414 in

139 1450 265 1500 extrema
279 1444 392 1501 actione
409 1443 568 1516 venissem,
593 1442 701 1519 (neque
719 1442 792 1499 enim
812 1449 843 1499 ut
863 1442 943 1499 initio
958 1443 1000 1500 sic
1017 1442 1100 1499 etiam
1115 1442 1142 1497 in

139 1524 194 1583 line
209 1525 364 1584 verendum
385 1533 500 1583 eratne
523 1542 577 1601 per
597 1523 652 1582 hoc
672 1525 758 1583 totius
780 1525 966 1583 accusationis
990 1524 1183 1584 auctoritas15

138 1608 327 1686 minueretur)
343 1607 571 1667 honestissimum
593 1606 700 1665 credidi
722 1625 778 1666 non
798 1626 930 1686 premere
946 1610 1140 1682 inmerentem,

96 1700 128 1751 21
139 1691 225 1767 idque
240 1692 331 1768 ipsum
353 1690 409 1750 dixi
433 1700 461 1749 et
482 1690 572 1750 libere
590 1701 618 1751 et
633 1691 719 1750 varie.
743 1690 813 1749 Nam
829 1691 914 1751 modo
929 1692 1042 1768 legatos
1056 1693 1141 1751 inter·

138 1775 273 1850 rogabam
289 1773 491 1834 docuissentne
512 1792 557 1833 me
580 1773 685 1852 aliquid
701 1774 777 1852 quod
792 1793 824 1834 re
840 1776 955 1854 probari
970 1793 1058 1853 posse
1075 1792 1141 1834 con·

138 1857 274 1932 luderent,
297 1858 381 1917 modo
405 1857 552 1916 consillum
574 1876 590 1917 a
609 1868 707 1918 senatu
723 1860 856 1936 petebam
872 1868 1019 1938 putaretne
1035 1859 1141 1919 debere

137 1958 198 2015 me,
216 1940 240 1998 sl
256 1958 337 2018 quam
352 1941 485 2001 haberem
501 1942 663 2003 indicendo
679 1942 858 2021 facultatem,
879 1944 907 2002 in
921 1944 1047 2021 iugulum
1061 1944 1139 2001 inno·
1149 1958 1183 2009 20

138 2025 228 2082 centis
251 2025 331 2102 quasi
354 2024 441 2085 telum
463 2025 578 2104 aliquod
594 2026 756 2096 intendere;
779 2036 925 2106 postremo
940 2038 1029 2088 totum
1045 2028 1139 2085 locum

138 2107 193 2167 hoc
215 2107 270 2168 fine
286 2109 413 2169 conclusi
434 2109 523 2170 ‘dicet
545 2110 646 2189 aliquis
667 2111 779 2170 Iudicas
802 2109 894 2189 ergo?
917 2129 972 2189 ego
994 2130 1065 2170 vero
1085 2127 1140 2168 non

96 2190 243 2269 asiatico,
260 2194 373 2252 memini
388 2203 481 2254 tamen
495 2213 539 2253 me
556 2194 723 2255 advocatum
739 2214 776 2254 ex
791 2196 930 2256 iudicibus
946 2196 1059 2254 datum)
1088 2194 1140 2253 llic

137 2277 387 2339 numerosissimae
400 2296 501 2339 causae
514 2281 648 2340 terminus
660 2280 722 2355 luit,
736 2277 901 2354 quibusdam
913 2274 1061 2350 absolutis,
1077 2277 1139 2353 plu·

138 2359 216 2419 ribus
232 2362 365 2423 damnatis
386 2371 471 2441 atque
488 2365 570 2422 ctiam
591 2361 743 2437 relegatis,
766 2359 827 2416 aliis
849 2362 877 2416 in
898 2367 1008 2434 tempus
1031 2358 1093 2414 aliis
1109 2361 1180 2419 inat

95 2450 319 2522 23perpetuum.
347 2444 457 2503 Eodem
479 2453 594 2503 senatus
610 2442 739 2501 consulto
759 2438 892 2497 industria
915 2439 984 2497 fides
1008 2447 1137 2496 constan-

137 2526 175 2585 tia
189 2537 284 2585 nostra
298 2527 464 2602 plenissimo
479 2526 640 2584 testimonio
653 2522 825 2601 conprobata
837 2531 892 2597 est,
908 2522 1022 2598 dignum
1033 2520 1137 2579 solum·

95 2616 196 2687 adque
211 2626 261 2685 par
276 2608 395 2684 pretium
410 2608 477 2665 tanti
489 2606 602 2664 laboris.
627 2602 788 2683 Concipere
802 2605 893 2664 animo
908 2615 992 2685 potes
1005 2623 1087 2684 mam
1100 2604 1137 2663 si-

137 2709 198 2749 mus
214 2690 332 2766 fatigati,
350 2688 452 2766 quibus
467 2689 571 2749 totiens
587 2687 736 2765 agendum,
754 2689 859 2747 totiens
873 2690 1073 2766 altercandum,
1082 2698 1137 2749 tam

94 2774 217 2836 utmulti
232 2782 322 2832 testes
338 2772 528 2849 interrogandi
550 2772 717 2832 sublevandi
738 2772 886 2832 refutandi.
916 2773 973 2833 lam
987 2773 1036 2832 illa
1055 2791 1136 2851 quarn
1145 2788 1180 2840 30

137 2856 233 2933 ardua,
248 2873 329 2933 quam
344 2854 474 2933 molesta,
494 2863 656 2915 totreorum
668 2857 764 2915 amicis
779 2866 894 2918 secreto
908 2859 1072 2935 rogantibus
1087 2876 1136 2917 uc·

137 2956 217 3015 gare,
234 2937 449 2998 adversantibus
462 2939 552 3018 palam
567 2940 723 3000 obsistere!
738 2939 872 3000 Releram
884 2961 968 3002 unum
981 2940 1087 3021 aliquid
1101 2960 1138 3000 ex

137 3022 252 3099 iisquae
265 3021 330 3081 dixi.
350 3020 421 3082 Cum
433 3024 499 3082 mihi
512 3023 623 3102 quidam
636 3042 652 3082 e
665 3023 804 3084 iudicibus
816 3025 887 3104 ipsis
901 3043 950 3104 pro
966 3042 1017 3085 reo
1032 3027 1136 3103 gratio·

137 3104 250 3166 sissimo
266 3105 462 3185 reclamarent,
480 3112 547 3167 ‘non
563 3109 664 3167 minus'
680 3110 791 3188 inquam
808 3110 866 3169 ‘lrlc
880 3112 1016 3170 innocens
1032 3109 1096 3184 erit,
1113 3109 1137 3165 si

94 3196 194 3267 boego
210 3192 300 3250 omnia
323 3189 443 3251 dixero!
467 3189 649 3252 Coniectabis
666 3210 703 3251 ex
722 3194 778 3252 lroc
794 3203 910 3272 quantas
927 3194 1133 3268 contentiones,
1145 3200 1178 3253 35

136 3280 252 3350 quantas
269 3274 352 3335 etiarn
367 3276 490 3336 ollonsas
504 3276 683 3353 subierimus,
700 3276 840 3337 dumtaxat
854 3279 889 3339 ad
904 3280 993 3338 breve
1009 3287 1135 3355 tempus:

135 3374 199 3415 nam
215 3358 285 3417 fides
299 3359 328 3417 ln
343 3362 504 3437 praesentia
520 3378 571 3421 eos
587 3362 688 3440 quibus
702 3362 810 3420 resistit
827 3362 959 3438 ollendit,
983 3361 1084 3420 deinde
1100 3358 1135 3418 ab

135 3438 192 3498 illis
214 3441 284 3519 ipsis
306 3445 460 3519 suspicitur
481 3444 674 3524 laudaturque.
705 3444 770 3504 Non
785 3448 865 3523 potui
885 3446 974 3521 magis
990 3454 1018 3503 te
1033 3445 1062 3503 in
1076 3460 1136 3503 rem
