2588 4116
296 242 560 305 PANEGYRICUS
583 253 729 306 asanaa
951 242 1013 306 itt

91 402 163 453 canit.
178 392 436 472 Quoconstantius,
451 405 547 472 patres
562 397 763 473 conscripti,et
773 394 887 457 dolores
899 407 1012 457 nostros

88 477 148 535 udia
161 478 354 554 proferamus:
376 481 526 540 laetemur
544 480 592 540 bis
605 482 715 557 quibas
724 480 875 559 fruimur,
895 482 1013 557 ingemi·

88 580 118 619 us
136 560 192 620 illis
214 580 286 638 quae
310 563 493 640 patiebamur.
524 563 612 622 Simul
624 573 776 641 ptramque
793 562 952 622 faciendum
968 573 1013 623 est

91 662 146 703 ono
158 647 300 723 principe.
312 645 374 706 Hoc
386 655 497 707 secreta
508 656 616 725 nostra,
624 647 680 706 boc
692 663 851 724 sermones,
864 646 920 706 boc
932 650 1012 726 ipsae

88 746 154 787 narn
169 731 296 788 actiones
305 739 399 806 agant,
417 732 651 808 meminerintque
669 733 711 791 sic
724 732 843 791 maxime
854 730 960 790 landari
972 733 1013 790 in-

88 831 146 871 rem
157 815 372 891 imperatorem,
389 816 413 874 si
426 816 537 893 priores
552 832 638 875 secus
652 816 744 874 meriti
759 814 1011 893 reprehendantur.

91 914 154 954 enm
173 896 208 957 de
223 896 296 957 malo
312 899 442 976 principe
456 900 565 977 posteri
580 907 691 976 tacent,
715 897 893 957 manifestum
908 907 953 958 est
965 916 1011 957 ea·

91 980 188 1040 lacere
206 991 397 1059 praesentem.
431 981 468 1041 Et
489 984 552 1059 quis
571 985 624 1041 iam
639 981 723 1042 loeus
738 983 857 1041 miserae
873 980 1008 1041 adulatio·
1020 980 1063 1045 54

88 1065 199 1123 tenebat
215 1066 344 1140 ignarus,
367 1083 431 1124 cum
451 1065 550 1125 laudes
571 1067 770 1144 imperatorum
791 1064 865 1125 ludis
882 1067 965 1124 ctiam
983 1076 1012 1127 ct

88 1148 253 1206 nissionibus
270 1146 500 1225 celebrarentur,
521 1149 706 1227 saltarentur,
727 1159 812 1225 atque
828 1151 855 1208 in
871 1166 954 1208 omne
968 1149 1011 1208 lu·

88 1249 125 1287 nn
142 1230 310 1291 effeminatis
324 1233 445 1292 vocibus
459 1232 551 1291 modis
566 1233 697 1308 gestibus
713 1229 932 1308 frangerentur?
953 1231 1012 1292 Sed

89 1314 232 1390 indignum
247 1313 323 1392 quod
340 1315 443 1374 codem
457 1324 585 1393 tempore
601 1318 629 1374 in
641 1323 740 1374 senatu
755 1316 823 1372 etin
840 1331 959 1390 scaena,
976 1315 1010 1374 ab

88 1416 142 1457 one
155 1408 184 1457 et
199 1397 347 1458 aconsule
364 1398 556 1458 laudabantur.
583 1397 625 1456 'lu
640 1396 742 1477 procul
758 1416 774 1457 a
790 1399 829 1456 tui
847 1398 925 1456 cultu
940 1395 1011 1457 ludi·

88 1492 160 1540 artes
175 1484 332 1541 removisti.
354 1482 435 1544 Seria
450 1501 520 1560 crgo
535 1492 564 1542 te
580 1484 699 1541 carmina
714 1481 862 1559 honorque
876 1489 1010 1542 aeternus

88 1567 160 1644 ium,
180 1583 237 1625 non
251 1566 324 1626 baec
338 1566 433 1626 brevis
449 1576 478 1626 et
493 1565 623 1645 pudenda
638 1566 812 1644 praedicatio
832 1564 917 1624 colit:
944 1567 1011 1642 quin

109 1659 187 1709 tanto
209 1652 315 1710 maiore
337 1668 480 1710 consensu
500 1653 527 1709 in
541 1650 752 1709 venerationem
769 1649 809 1707 tui
824 1648 933 1708 theatra
948 1651 1010 1727 ipsa
1050 1712 1052 1716 ,

88 1743 195 1811 urgent,
224 1744 326 1812 quanto
347 1737 437 1811 magis
459 1734 495 1794 de
515 1743 544 1794 te
564 1751 687 1794 scaenae
703 1733 835 1793 silebunt.
869 1732 928 1791 Sed
943 1732 1010 1811 quid

90 1817 155 1877 stud
174 1818 310 1896 admiror,
332 1837 396 1879 cum
416 1835 468 1878 eos
489 1836 604 1897 quoque
625 1817 750 1877 bonores
765 1819 813 1894 qui
830 1817 880 1875 tibi
895 1817 1009 1876 anobis

87 1912 159 1961 mtur
174 1912 221 1961 ant
236 1902 362 1961 delibare
377 1904 545 1980 parcissime
559 1910 606 1960 aut
621 1903 733 1961 omnino
745 1899 840 1960 soleas
852 1896 1009 1960 recusare?

95 1995 160 2044 ante
173 1994 229 2043 tarn
243 1985 378 2062 vulgare,
400 1995 455 2044 tam
471 1991 588 2062 parvum
601 1986 630 2042 in
645 1994 745 2045 senatu
759 1985 897 2061 agebatur
908 1993 937 2043 ut
952 2001 1008 2043 non

88 2086 133 2128 aas
153 2069 311 2146 principum
331 2071 536 2128 inmorarentur
556 2068 780 2146 quibuscumque
802 2067 938 2128 censendi
958 2086 1008 2127 ne·

88 2160 125 2210 tas
140 2150 302 2211 accidisset.
340 2150 384 2209 Dc
401 2151 558 2229 ampliando
573 2170 690 2211 numero
705 2151 891 2229 gladiatorum
908 2160 956 2211 aut
971 2151 1007 2210 de

88 2234 176 2294 sendo
193 2232 320 2312 collegio
338 2235 481 2294 labrorum
499 2235 735 2312 consulebamur,
752 2246 781 2294 et
795 2237 874 2315 quasi
889 2234 1008 2313 prolatis

88 2321 114 2376 rii
134 2318 237 2379 linibus
254 2337 329 2379 nunc
344 2321 477 2396 ingentes
492 2337 575 2379 arcus
591 2337 821 2397 excessurosqne
836 2318 1007 2396 templorum

88 2405 147 2461 ium
160 2401 274 2480 titulos,
300 2422 375 2463 nuno
389 2422 506 2464 menses
521 2405 605 2464 etiam
618 2421 673 2462 nec
688 2403 742 2463 bos
757 2402 887 2480 singulos
903 2403 1007 2462 nomini

88 2505 157 2545 uum
178 2487 348 2547 dicebamus.
382 2487 562 2548 Patiebantnr
585 2486 642 2562 illi,
671 2496 701 2547 et
723 2489 803 2564 quasi
825 2489 1007 2562 meruissent,

88 2581 187 2629 rantur.
225 2569 263 2630 At
279 2589 354 2630 nunc
369 2573 432 2649 quis
447 2582 591 2647 nostrum,
617 2580 756 2649 tamquam
772 2569 877 2632 oblitus
893 2572 954 2631 cius
972 2569 1007 2629 de

88 2653 223 2729 refertur,
258 2655 392 2714 censendi
414 2655 537 2715 ollicium
559 2656 695 2734 principis
716 2655 825 2715 honore
848 2650 1007 2715 consumit?

95 2736 295 2796 moderationis
307 2736 367 2798 laus
385 2737 456 2798 baec
471 2742 625 2800 constantia
636 2748 747 2799 nostra:
762 2740 812 2799 tibi
825 2739 1008 2815 obsequimur

96 2823 124 2880 in
140 2822 243 2881 curiam
257 2838 312 2880 non
330 2824 365 2883 ad
380 2831 522 2882 certamen
534 2821 723 2882 adulationum
737 2822 789 2884 sed
803 2822 838 2881 ad
852 2841 934 2883 usum
948 2839 1007 2880 nnu-

88 2924 113 2964 re
131 2906 252 2966 iustitiae
268 2906 468 2983 convenimus,
481 2906 553 2966 hano
568 2906 739 2985 simplicitati
754 2917 819 2968 tuae
835 2907 1007 2982 veritatique

88 3007 119 3050 im
133 2989 251 3051 relaturi
268 3001 298 3051 ut
314 3001 342 3051 te
358 3008 431 3070 quae
446 2992 490 3052 vis
505 2990 598 3069 velle,
621 3009 692 3069 quae
709 3009 765 3051 non
780 2993 822 3050 vis
843 2988 921 3050 nolle
945 3007 1007 3049 ore·

88 3093 110 3133 s.
146 3073 299 3151 lncipimus
324 3075 407 3152 inde,
435 3073 588 3135 desinimus
609 3076 647 3135 ibi
667 3093 683 3135 a
703 3093 759 3153 quo
782 3075 885 3152 incipi,
908 3075 936 3132 in
951 3089 1007 3150 quo

88 3159 95 3216 i
109 3158 163 3217 sub
178 3157 234 3218 alio
250 3160 379 3238 principe
395 3176 452 3218 non
467 3169 578 3237 posset.
600 3157 671 3218 Nam
683 3158 839 3236 plerosque
854 3176 893 3217 ex
908 3157 1007 3215 decre·

88 3241 209 3305 moribus
230 3251 259 3301 et
279 3241 326 3301 alii
341 3260 397 3302 non
410 3252 598 3321 receperunt;
624 3257 708 3302 nemo
724 3252 788 3302 ante
802 3250 896 3301 tantus
911 3238 963 3299 luit
978 3248 1008 3298 ut

88 3335 169 3386 retur
183 3324 310 3386 noluisse
324 3325 451 3386 decerni.
471 3325 556 3397 Quod
571 3343 627 3402 ego
643 3325 730 3386 titulis
749 3326 878 3385 omnibus
892 3323 1007 3402 specio·

88 3427 159 3488 eor,
176 3409 287 3488 quando
301 3427 358 3470 non
372 3410 499 3470 trabibus
515 3418 563 3468 aut
578 3410 653 3468 saxis
669 3426 772 3467 nomen
787 3418 864 3467 tuum
879 3407 932 3468 sed
947 3424 1006 3466 mo-

88 3495 141 3555 ntis
156 3502 290 3556 aeternae
303 3493 394 3554 laudis
408 3492 547 3554 inciditur.
574 3491 630 3551 lbit
649 3493 677 3551 in
692 3490 809 3552 saecula
824 3491 913 3552 luisse
929 3493 1004 3571 prin·
1017 3487 1057 3550 55
1086 3512 1090 3519 ·

1057 3718 1170 3880 ⁴1¹
