2588 4116
304 197 566 274 urnsronnnuni
581 213 658 273 vnn.
677 225 721 275 20.
738 226 782 275 n.
983 212 1043 275 171

36 365 133 443 Saepe
155 363 281 426 minores
301 365 453 425 maioribus
478 364 557 424 velut
580 364 728 424 cumbulae
750 366 887 425 onerariis
909 365 1070 426 adhaeret

36 458 139 523 scunt,
162 464 250 525 saepe
272 449 344 506 inter
365 467 397 508 se
415 448 537 508 maiores
552 451 734 526 minoresque
754 451 833 525 quasi
852 466 964 508 cursum
981 466 1042 508 cer-

36 540 188 608 tamenque
203 531 367 600 desumunt;
383 548 481 591 rursus
496 547 594 592 omnes
609 533 638 591 in
653 528 775 590 eundem
787 531 883 590 locum
894 530 1041 609 adpulsae,

37 633 94 692 qua
109 623 249 674 steterunt
264 622 432 692 promovent
448 624 561 691 terram,
577 624 606 674 et
620 614 704 674 modo
718 613 772 673 bac
786 615 870 675 modo
885 613 934 674 illa
950 613 1042 673 lacum

10 696 160 757 treddunt
179 696 380 775 auleruntque;
402 713 437 756 ac
456 705 514 757 tum
535 697 664 774 demum,
688 716 751 757 curn
768 697 891 758 medium
910 707 1041 773 tenuere,

35 798 95 840 non
112 781 287 841 contrahunt.
316 779 434 840 Constat
451 798 560 859 pecora
581 781 685 841 herbas
705 792 805 841 secuta
826 782 916 843 sicin
936 778 1069 841 insulas8

10 864 104 949 ,illas
117 871 148 921 ut
167 865 195 921 in
210 874 364 924 extremam
378 866 467 942 ripam
488 865 648 943 proaedere
667 864 763 924 solere
784 882 840 924 nec
861 866 939 943 prius
959 863 1042 924 intel·

35 947 140 1023 legere
154 947 259 1007 mobile
277 947 386 1023 solum,
402 965 485 1026 quarn
499 947 575 1007 litori
589 949 706 1026 abrepta
724 949 804 1025 quasi
820 947 904 1007 inlata
917 957 946 1008 et
960 949 1041 1024 inpo-

37 1030 91 1091 sita
108 1031 307 1090 circumfusum
318 1030 441 1108 undique
456 1030 549 1091 lacum
563 1040 698 1110 paveant;
710 1048 776 1091 mox
788 1048 845 1109 quo
861 1031 958 1091 tulerit
973 1048 1041 1089 ven·

10 1122 83 1176 btus
96 1132 226 1192 egressa,
241 1131 297 1173 non
311 1113 401 1191 magis
417 1132 449 1173 se
464 1115 650 1175 descendisse
666 1116 784 1191 sentire,
800 1133 883 1192 mam
898 1115 1041 1174 senserint

37 1198 216 1258 ascendisse.
245 1196 324 1256 Idem
338 1196 418 1256 lacus
434 1197 578 1257 indumen
595 1201 737 1276 egeritur,
754 1198 846 1277 quod,
862 1198 909 1257 ubi
925 1217 957 1257 se
972 1203 1068 1275 pau-9

37 1280 129 1359 lisper
144 1279 236 1340 oculis
253 1280 340 1357 dedit,
360 1297 449 1356 specu
465 1282 601 1357 mergitur
616 1280 732 1358 alteque
748 1280 890 1339 conditum
905 1290 990 1355 meat,
1007 1297 1040 1338 ao

37 1363 162 1442 siquid,
185 1373 333 1440 autequam
354 1362 576 1440 subduceretur,
602 1366 733 1441 accepit,
760 1373 855 1423 servat
875 1373 904 1423 et
920 1362 1039 1442 profert.

36 1444 118 1506 llaec
133 1447 184 1506 tibi
200 1446 319 1524 scripsi,
339 1448 404 1524 quia
424 1464 479 1505 nec
493 1447 584 1506 minus
599 1449 695 1524 ignota
707 1464 789 1525 quam
802 1446 867 1505 mibi
883 1465 937 1506 nec
949 1447 1039 1504 minus
1052 1455 1084 1505 10

10 1539 118 1606 5grata
131 1528 292 1590 credebam.
314 1527 385 1588 Nam
399 1538 428 1589 te
446 1547 577 1608 quoque,
595 1540 624 1590 ut
642 1548 704 1606 me,
721 1528 788 1589 nibil
805 1548 896 1609 aeque
912 1547 946 1589 ac
963 1537 1040 1587 natu·

37 1631 88 1673 rae
100 1629 189 1690 opera
200 1612 350 1673 delectant.
381 1612 461 1673 Vale.

499 1744 576 1805 xxi.

313 1844 340 1893 c.
360 1843 485 1894 ananius
503 1844 646 1894 anniano
665 1845 726 1895 suo
746 1845 772 1895 s.

10 1953 32 2004 0
103 1942 187 2002 Utin
209 1946 265 2003 vita
287 1946 330 2005 sic
352 1945 381 2003 in
402 1945 501 2004 studiis
522 1944 742 2022 pulcherrimum
763 1955 792 2003 et
813 1944 1064 2004 humanissimum]

38 2027 170 2086 existimo
189 2028 370 2086 seueritatem
385 2029 602 2104 comitatemque
623 2029 762 2102 quiscere,
784 2045 820 2085 ne
839 2026 887 2086 illa
908 2029 936 2084 in
955 2028 1041 2084 tristi·

38 2111 122 2185 tiam,
144 2108 216 2167 haec
235 2110 263 2167 in
285 2107 465 2184 petulantiam
484 2109 613 2168 excedat.
646 2108 826 2180 oneratione
842 2110 961 2186 ductus,
977 2119 1066 2185 gra-2

37 2195 118 2252 viora
142 2208 230 2269 opera
252 2190 362 2251 lusibus
383 2192 513 2268 iocisque
534 2191 685 2267 distinguo.
718 2190 763 2250 lld
782 2192 836 2250 bos
851 2191 1040 2268 proferendos

38 2284 69 2336 et
90 2285 205 2352 tempus
220 2283 250 2334 et
270 2274 365 2335 locum
386 2276 654 2353 opportunissimum
674 2274 766 2351 elegi;
794 2284 882 2352 utque
899 2273 953 2333 iam
967 2291 1041 2332 nunc

10 2358 244 2419 badsuescerent
264 2367 294 2418 ct
305 2360 339 2418 ab
363 2360 463 2420 otiosis
479 2369 507 2418 et
522 2360 549 2417 in
570 2358 691 2419 triclinio
709 2357 815 2434 audiri,
837 2357 909 2416 lulio
930 2374 1040 2431 mense,

39 2459 96 2520 quo
108 2443 226 2502 manime
242 2442 308 2505 lites
324 2441 565 2521 interquiesount,
592 2444 693 2520 positis
709 2451 774 2502 ante
789 2441 882 2500 lectos
898 2439 1039 2500 cathedris

38 2527 146 2585 arnicos
160 2524 309 2585 collocavi.
331 2525 418 2586 Forte
433 2527 536 2586 accidit
555 2534 585 2585 ut
604 2525 707 2586 eodem
722 2527 767 2585 die
781 2542 861 2585 mane
876 2526 904 2582 in
919 2523 1066 2584 advoca-3

16 2630 20 2667 ε
39 2611 147 2668 tionem
167 2608 288 2668 subitam
307 2626 441 2686 rogarer,
463 2610 538 2687 quod
555 2609 621 2669 mihi
637 2627 750 2671 causam
766 2606 975 2688 praeloquendi
992 2607 1040 2667 de-

17 2712 20 2719 ·
40 2691 89 2751 dit.
120 2691 186 2748 Sum
202 2692 276 2750 enim
297 2691 467 2769 deprecatus
483 2712 519 2752 ne
536 2696 599 2772 quis
616 2703 645 2753 ut
660 2694 869 2754 inreverentem
885 2693 982 2770 operis
998 2710 1040 2750 ar·

10 2772 155 2852 bgueret,
170 2774 245 2852 quod
256 2777 436 2853 recitaturus,
453 2793 618 2854 quamquam
632 2788 661 2837 et
672 2779 770 2838 amicis
785 2785 814 2836 et
828 2779 937 2855 paucis,
954 2775 982 2834 id
997 2786 1041 2834 est

39 2861 142 2919 iterum
156 2859 269 2935 amicis,
283 2858 346 2919 loro
361 2869 390 2918 et
404 2861 528 2938 negotiis
539 2878 595 2920 non
607 2862 816 2922 abstinuissem.
848 2859 951 2919 Addidi
966 2858 1041 2918 buno

41 2942 168 3002 ordinem
189 2960 235 3000 me
258 2943 286 3002 in
308 2938 460 3003 scriben'do
477 2945 560 3022 sequi
580 2954 611 3004 ut
631 2948 821 3006 necessitates
836 2942 1039 3021 voluptatibus,

41 3028 115 3085 seria
129 3025 258 3085 iucundis
271 3026 459 3104 anteferrem,
476 3046 509 3088 ac
523 3030 641 3106 primum
654 3029 764 3104 amicis,
781 3037 838 3087 tum
852 3026 918 3084 mibi
933 3025 1041 3082 scribe-

40 3126 110 3168 rem.
133 3107 218 3168 Liber
232 3108 285 3168 luit
300 3119 329 3169 et
344 3111 491 3189 opusculis
501 3113 595 3170 varius
611 3123 639 3172 et
653 3113 760 3174 metris.
783 3109 824 3169 lta
841 3109 978 3182 solemus,
994 3107 1068 3182 quil

10 3192 153 3268 ttingenio
168 3210 265 3269 parum
285 3193 411 3270 lidimus,
432 3197 568 3254 satietatis
589 3194 748 3271 periculum
769 3192 879 3268 fugere.
912 3189 1041 3247 Recitavi

41 3275 140 3335 biduo:
161 3275 217 3336 boc
229 3275 368 3337 adsensus
383 3276 552 3337 audientium
567 3279 679 3354 exegit:
697 3287 725 3336 et
741 3286 833 3334 tamen
847 3283 877 3332 ut
892 3271 938 3332 alii
953 3280 1042 3330 trans·

40 3367 108 3420 eunt
124 3358 261 3436 quaedam
279 3361 463 3437 inputantque
479 3360 555 3437 qurod
569 3369 728 3432 transeant,
752 3359 795 3418 sic
811 3373 867 3433 ego
878 3352 945 3415 nibil
961 3371 1042 3433 prae·

40 3452 123 3503 teneo
139 3441 233 3520 adque
248 3445 331 3504 etiam
347 3460 403 3503 non
417 3445 576 3522 praeterire
589 3460 635 3500 me
650 3441 725 3503 dico.
757 3439 836 3517 Lego
851 3442 925 3499 enim
939 3439 1042 3504 omnia
