2588 4116
370 246 633 310 EPISTULARUM
647 249 713 310 llll.
735 264 776 316 1o.
794 264 837 315 11.

584 401 620 460 Χ.

322 497 348 550 o.
369 498 494 550 orturus
511 499 629 550 suario
648 499 764 551 statuo
784 499 844 550 suo
864 499 890 554 a.

164 615 273 676 Scribis
293 615 360 674 mihi
380 617 526 695 Sabinam,
550 638 622 698 quae
643 637 696 678 nos
714 619 830 697 reliquit
846 620 985 695 heredes,
1009 618 1131 683 Mede-l

69 709 175 762 5stum
190 717 305 760 servum
319 719 400 759 suum
419 720 557 780 nusquam
572 702 692 762 liberum
711 722 779 762 esse
798 705 937 781 iussisse,
961 703 1053 763 eidem
1067 714 1108 762 tn-

98 802 167 844 men
188 785 232 843 sic
253 783 442 862 adscripsisse
470 785 596 862 legatum
619 785 763 846 ‘Modesto
790 806 874 865 quern
897 787 1017 847 liberum
1039 807 1107 847 esse

98 869 194 928 iussi!
225 866 345 939 Quaeris
368 870 434 946 quid
449 871 577 930 sentiam.
611 868 723 929 Contuli
737 872 914 947 cumperitis
929 871 1007 930 iuris.
1031 869 1133 932 Gon-2

100 953 180 1010 venit
193 953 267 1011 iuter
282 969 380 1012 omnes
391 971 447 1013 nec
461 953 621 1013 libertatem
635 953 745 1028 deberi,
761 956 894 1031 quianon
910 956 947 1014 sit
962 954 1035 1030 data,
1051 973 1107 1014 nec

99 1034 243 1110 legatum,
269 1037 334 1113 quia
355 1054 441 1096 servo
463 1055 516 1097 suo
532 1038 652 1097 dederit.
685 1036 743 1095 Sed
763 1036 829 1096 mihi
844 1037 1011 1098 manifestus
1027 1056 1108 1097 error

53 1118 229 1194 lovidetur,
252 1118 376 1197 ideoque
398 1129 466 1198 puto
488 1121 587 1198 nobis,
603 1122 683 1200 quasi
699 1123 848 1198 scripserit
862 1119 984 1198 Sabina,
1000 1121 1106 1181 lacien-

43 1215 48 1225 ·
99 1201 166 1262 dum
186 1201 264 1280 quod
285 1204 348 1282 ipsa
362 1205 516 1282 scripsisse
532 1224 565 1264 se
582 1204 711 1264 credidit.
743 1203 862 1264 Confido
877 1222 1062 1265 accessurum
1078 1213 1133 1264 tet

98 1288 259 1346 sententiae
274 1303 367 1364 meae,
384 1305 448 1347 cum
462 1287 678 1363 religiosissime
690 1286 786 1347 soleas
799 1288 942 1347 custodire
958 1289 1106 1348 defuncto·

96 1386 161 1427 rum
175 1369 368 1447 voluntatem,
394 1389 477 1449 mam
497 1371 580 1430 bouis
600 1370 755 1430 heredibus
774 1369 953 1430 intellexisse
978 1389 1030 1449 pro
1045 1373 1106 1429 iure

98 1462 156 1512 est.
185 1452 288 1531 Neque
308 1455 383 1513 enim
403 1456 494 1514 minus
515 1453 590 1533 apud
608 1472 661 1514 nos
681 1453 817 1514 honestas
840 1473 922 1532 quam
944 1454 1019 1533 apud
1034 1453 1106 1513 alios

53 1550 90 1602 15
98 1538 260 1598 necessitas
280 1537 366 1598 valet.
397 1536 526 1598 Moretur
548 1556 618 1614 ergo
638 1540 666 1598 in
687 1537 819 1598 libertate
835 1539 993 1598 sinentibus
1011 1538 1137 1614 uobis,4

98 1619 208 1679 fruatur
222 1619 336 1698 legato,
353 1625 433 1700 quasi
449 1621 541 1681 ornnia
555 1621 771 1698 diligentissime
789 1624 906 1682 caverit.
938 1620 1019 1683 Cavit
1033 1623 1107 1682 enim

98 1720 175 1781 quae
186 1704 311 1767 heredes
326 1706 401 1766 bene
417 1705 516 1782 elegit.
547 1704 629 1765 Vale.

576 1851 627 1912 xl.

51 1967 91 2019 20
277 1949 303 2000 o.
320 1949 446 2000 ruinius
462 1950 620 2000 oonnamo
639 1951 806 2001 urrurornno
823 1949 882 1999 suo
902 1949 928 2002 a.

164 2067 315 2126 Audistine
335 2066 479 2127 Valerium
499 2069 670 2127 Licinianum
696 2072 725 2127 in
744 2068 841 2128 Sicilia
859 2066 1010 2146 profiteri?
1035 2083 1130 2133 non-1

97 2151 167 2210 dum
183 2159 212 2208 te
227 2159 298 2226 puto
313 2148 441 2217 audisse:
458 2160 503 2210 est
521 2154 595 2210 eninr
609 2170 713 2211 recens
729 2154 852 2210 nuntius.
883 2150 1044 2210 Praetorius
1059 2152 1107 2211 hic
1174 2157 1177 2163 ’

96 2234 186 2292 modo
200 2234 275 2292 inter
289 2231 540 2310 eloquentissimos
558 2252 704 2295 cansarum
718 2243 832 2294 actores
845 2232 1016 2308 habebatur,
1032 2252 1109 2293 nunc

98 2335 137 2377 eo
152 2316 261 2376 decidit
278 2325 308 2375 ut
324 2315 391 2376 exul
408 2316 442 2376 de
458 2327 607 2393 senatore,
628 2317 728 2377 rhetor
747 2317 783 2376 de
800 2325 912 2376 oratore
927 2317 1019 2375 fieret.
1051 2314 1134 2380 lta-2

53 2409 156 2478 acque
180 2403 243 2477 ipse
265 2402 294 2459 in
316 2400 493 2478 praefatione
516 2402 584 2461 dixit
602 2401 734 2462 dolenter
753 2412 783 2461 et
800 2401 927 2477 graviter
942 2404 1028 2475 ‘quos
1046 2400 1108 2475 tibi,

98 2482 239 2560 Fortuna,
262 2483 346 2544 ludos
361 2482 455 2544 facis?
478 2485 549 2546 facis
568 2488 643 2545 euim
656 2504 695 2544 ex
712 2483 892 2545 senatoribus
911 2483 1107 2561 professores,

98 2587 138 2627 ex
152 2568 367 2647 professoribus
382 2574 554 2630 senatores?
589 2568 643 2629 Cui
659 2570 819 2630 sententiae
834 2577 941 2627 tautum
955 2566 1032 2642 bilis,
1048 2577 1107 2627 tan·

97 2662 157 2710 tum
178 2652 367 2711 amaritudinis
388 2654 462 2712 inest
484 2662 515 2712 ut
535 2653 601 2712 mihi
615 2653 744 2712 videatur
758 2654 824 2713 ideo
840 2653 990 2730 professus
1006 2660 1036 2710 ut
1050 2652 1106 2710 hoc

99 2735 220 2795 diceret.
252 2735 347 2813 Idem,
376 2754 440 2794 curn
456 2735 566 2797 Graeco
587 2737 675 2817 pallio
695 2739 814 2796 amictus
837 2738 970 2795 intrasset
991 2735 1133 2813 (carent3

54 2821 175 2878 30enim
193 2829 279 2896 togae
300 2821 362 2878 iure
383 2820 485 2897 quibus
510 2838 581 2897 aqua
602 2830 631 2880 et
650 2823 707 2897 igni
729 2820 909 2880 interdictum
925 2819 1005 2895 est),
1026 2829 1107 2897 post·

100 2920 183 2981 quarn
200 2922 233 2963 se
254 2905 415 2981 composuit
433 2906 695 2983 circumspexitque
716 2904 840 2963 habitum
862 2921 959 2978 suurn,
983 2901 1105 2961 ‘Latine'

98 2986 197 3064 inquid
212 2987 432 3047 ‘declamaturus
448 2992 531 3047 sum.5
553 2986 642 3047 Dices
659 2990 748 3048 tristia
760 2997 790 3047 et
800 2986 971 3061 miseranda,
990 2986 1133 3061 dignumf

100 3079 192 3130 tamen
212 3070 308 3148 illum,
336 3072 384 3148 qui
404 3070 476 3130 haec
496 3072 558 3148 ipsa
578 3071 671 3131 studia
690 3073 794 3132 incesti
815 3071 930 3131 scelere
950 3069 1105 3127 macularit.

101 3152 259 3215 Confessus
278 3164 324 3214 est
340 3154 454 3232 quidem
470 3156 625 3229 incestum,
647 3155 700 3215 sed
714 3157 854 3214 incertum
869 3163 960 3210 utrum
977 3152 1041 3226 quia
1056 3159 1132 3208 vet

55 3245 161 3299 35rum
176 3247 237 3298 erat
257 3256 291 3297 an
312 3241 377 3317 quia
394 3240 525 3314 graviora
546 3239 707 3313 metuebat,
732 3241 756 3298 si
777 3244 924 3312 negasset.
956 3232 1108 3291 Fremebat

99 3324 174 3380 enim
188 3320 365 3382 Domitianus
381 3323 583 3399 aestuabatque
600 3324 708 3398 ingenti
729 3320 831 3380 invidia
854 3318 1015 3377 destitutus.
1038 3314 1134 3378 Namss

99 3423 164 3463 cum
178 3403 352 3482 Corneliam,
368 3405 525 3465 Vestalium
544 3408 706 3480 maximam,
734 3402 872 3462 defodere
893 3403 986 3460 vivam
1004 3418 1109 3460 coucu-

97 3490 209 3567 pisset,
227 3499 258 3550 ut
273 3491 321 3568 qui
335 3489 477 3550 inlustrari
498 3488 643 3549 saeculum
658 3504 739 3548 suum
753 3485 893 3546 eiusmodi
908 3484 1049 3565 exemplis
1065 3503 1109 3544 ar·
