2588 4116
307 221 570 284 EPISTULARUM
585 223 633 283 Vl.
656 234 683 287 3.
699 234 725 286 4.
738 237 763 287 5.
776 235 792 289 6
1009 227 1066 290 lll

59 394 126 456 gem
147 375 285 451 adiciat,
315 377 389 434 sicut
406 378 621 438 accusatoribus
642 377 800 455 inquirendi
819 380 998 458 testibusque
1020 382 1068 441 de·

59 458 203 520 nuntiandi
226 467 356 536 potestas
377 477 414 519 ex
435 478 469 519 ea
490 458 558 538 lege
580 471 677 538 essct,
704 463 741 520 ita
761 463 818 520 reis
840 479 954 542 quoque
978 464 1068 524 lieret.

60 543 186 605 Fuerunt
208 541 311 619 quibus
333 542 405 602 baec
433 546 494 602 eius
516 545 605 604 oratio
627 554 657 604 ut
680 563 746 607 sera
768 555 796 605 et
817 547 1018 624 intempestiva
1038 559 1096 611 et3

61 634 249 706 praepostera
266 624 451 704 displiceret,
475 645 548 706 quae
568 629 674 687 omisso
697 627 922 688 contradicendi
938 640 1067 709 tempore

31 712 215 786 scastigaret
231 719 378 788 peractum
390 712 435 769 cui
451 713 593 789 potuisset
610 729 773 772 occurrere.
793 711 938 775 luventius
956 714 1096 793 quideme

60 793 166 856 Celsus
183 800 298 870 praetor
316 803 456 871 tamquam
471 795 681 854 emendatorem
698 805 813 857 senatus
829 806 859 856 ct
873 796 966 857 multis
979 807 1067 858 etve-

59 880 209 939 bementer
224 878 375 957 increpuit.
397 877 558 957 Respondit
569 877 680 957 Nepos,
695 898 850 958 rursusque
862 879 981 940 Celsus:
997 901 1066 942 neu-

60 973 105 1023 ter
125 960 303 1021 contumeliis
325 965 503 1040 temperavit.
540 961 616 1021 Nolo
636 963 745 1022 referre
766 981 839 1043 quae
862 963 917 1024 dici
938 965 973 1024 ab
996 967 1096 1045 ipstss

60 1045 184 1106 moleste
203 1044 268 1104 tuli:
290 1061 346 1123 quo
367 1048 457 1123 magis
472 1045 610 1125 quosdam
625 1064 642 1105 e
660 1063 777 1106 numero
793 1057 892 1107 nostro
907 1048 1066 1126 inprobavi,

16 1131 109 1209 10qui
124 1128 208 1188 rnodo
226 1127 261 1187 ad
278 1126 394 1188 Celsum
408 1129 493 1188 modo
507 1128 542 1188 ad
556 1127 716 1209 Nepotem,
735 1139 819 1209 prout
837 1131 883 1190 bic
898 1130 946 1191 vel
962 1130 1012 1192 ille
1028 1133 1067 1193 di·

62 1221 160 1290 ceret,
176 1210 329 1290 cupiditate
347 1211 478 1272 audiendi
492 1213 679 1291 cursitabant,
701 1224 730 1274 et
752 1233 826 1274 nuuc
844 1215 924 1293 quasi
944 1215 1068 1276 stimula·

60 1307 124 1358 rent
139 1306 169 1356 et
183 1295 393 1372 accenderent,
415 1314 489 1355 nunc
505 1299 584 1374 quasi
599 1297 820 1357 reconciliarent
833 1316 867 1357 ac
878 1314 1067 1376 recompone-

60 1391 142 1456 rent,
165 1379 341 1458 frequentius
357 1379 493 1457 singulis,
509 1380 647 1440 ambobus
665 1380 803 1440 interdum
823 1381 975 1460 propitium
996 1380 1067 1442 Cae·

61 1482 170 1540 sarem,
193 1473 223 1523 ut
244 1464 272 1522 in
291 1463 401 1524 ludicro
424 1463 536 1541 aliquo,
558 1465 755 1542 precabantur.
784 1463 851 1523 Nibi
870 1465 984 1543 quidem
1000 1463 1093 1529 illuto

18 1562 52 1613 15
63 1550 147 1608 etiam
167 1548 353 1626 peracerbum
370 1547 421 1608 luit
436 1547 512 1625 quod
531 1557 595 1607 sunt
610 1547 682 1608 alter
699 1547 779 1608 alteri
796 1548 862 1627 quid
879 1558 1009 1626 pararent
1027 1551 1066 1608 in·

62 1632 156 1692 dicati.
190 1630 260 1691 Nam
279 1641 308 1692 et
325 1630 429 1694 Celsus
452 1630 557 1710 Nepoti
578 1650 616 1691 ex
634 1631 734 1692 libello
755 1632 903 1710 respondit
925 1643 954 1693 et
978 1631 1065 1695 Celso

62 1714 163 1793 Nepos
184 1733 221 1774 ex
241 1715 439 1794 pugillaribus.
472 1714 558 1775 'lanta
575 1716 732 1795 loquacitas
754 1717 907 1778 amicorum
928 1727 958 1776 ut
979 1716 1092 1776 homi-l

62 1818 115 1859 nes
132 1800 266 1876 iurgaturi
283 1799 418 1878 idipsum
433 1803 554 1859 invicem
569 1801 702 1877 scierint,
718 1809 859 1880 tamquam
875 1803 1066 1861 convenisset.

62 1882 144 1943 Vale.

18 1973 54 2025 ²⁰
540 2015 586 2075 vr.

335 2113 360 2162 C.
381 2113 506 2164 PLlNlUS
522 2113 672 2164 FUNDANO
691 2114 752 2166 SUO
770 2115 796 2164 S.

127 2213 292 2292 Siquando,
310 2231 383 2273 nunc
400 2215 554 2292 praecipue
571 2233 706 2294 cuperem
722 2233 788 2275 esse
805 2225 833 2274 te
850 2214 967 2289 Rornae,
985 2218 1090 2278 etsist

62 2317 147 2378 rogo.
171 2297 251 2376 Opus
266 2305 311 2357 est
324 2296 391 2357 mibi
402 2300 461 2357 voti
475 2297 580 2359 laboris
595 2298 794 2359 sollicitudinis
809 2299 901 2358 socio.
931 2297 1003 2358 Petit
1017 2297 1067 2356 bo-

21 2397 149 2449 bonores
164 2382 254 2444 lulius
265 2380 361 2458 Naso,
385 2383 456 2461 petit
472 2401 535 2442 cum
550 2383 661 2460 miultis,
677 2402 741 2443 cum
757 2383 856 2458 bonis,
873 2399 946 2459 quos
960 2390 990 2440 ut
1005 2381 1066 2459 glo-

63 2472 170 2530 riosum
192 2469 235 2526 sic
257 2475 301 2526 est
322 2465 437 2527 difficile
460 2484 608 2545 supemre.
641 2466 755 2527 Pendeo
780 2483 850 2545 ergo
876 2476 906 2526 et
929 2476 1094 2527 exerceort

64 2571 136 2633 spe,
164 2550 280 2611 adlicior
300 2559 393 2627 metu,
419 2558 448 2609 et
463 2569 509 2610 me
526 2551 704 2611 consularem
718 2570 785 2611 esse
802 2567 858 2610 non
875 2551 983 2610 sentio:
1005 2567 1066 2609 nam

63 2654 162 2696 rursus
177 2634 242 2693 mibi
256 2633 358 2693 videor
372 2637 492 2694 omnium
508 2653 580 2713 quae
596 2634 745 2695 decucurri
767 2634 941 2695 candidatus.
973 2632 1093 2694 Nare-3

64 2732 110 2781 tur
125 2718 196 2778 bane
213 2736 308 2777 euram
322 2717 408 2794 longa
421 2720 476 2778 mei
493 2721 618 2778 caritate.
641 2719 693 2780 llst
707 2719 773 2779 milri
789 2738 853 2778 cum
868 2717 918 2779 illo
930 2736 986 2778 non
998 2736 1066 2778 sane

22 2815 57 2868 30
66 2813 183 2883 paterna
204 2803 338 2869 amicitia;
360 2819 454 2878 neque
476 2805 549 2861 enim
571 2820 638 2864 esse
654 2805 745 2881 potuit
761 2822 815 2883 per
828 2821 918 2861 meam
932 2811 1065 2861 aetatem:

64 2885 177 2947 solebat
192 2894 284 2944 tamen
298 2884 413 2943 vixdum
424 2884 638 2945 adulescentulo
650 2886 716 2945 mibi
726 2896 808 2966 pater
820 2888 881 2946 eius
894 2903 956 2944 cum
968 2903 1067 2962 magna

64 2969 148 3030 laude
163 2971 319 3029 monstrari.
349 2968 417 3028 Erat
434 2985 489 3027 uon
513 2968 668 3029 studiorum
682 2979 786 3030 tantum
799 2988 897 3029 verum
913 2972 995 3029 etiarn
1009 2979 1067 3029 stu·

65 3054 210 3114 diocorum
223 3055 446 3128 amantissimus,
472 3071 506 3112 ac
521 3071 613 3132 prope
634 3054 738 3114 cotidie
758 3054 794 3114 ad
807 3053 978 3129 audiendos,
995 3069 1067 3130 quos

65 3146 133 3198 tunc
156 3154 212 3214 ego
232 3135 462 3216 frequentabam,
497 3135 713 3214 Quintilianum,
738 3137 861 3198 Niceten
883 3134 1066 3194 Sacerdotem

23 3232 56 3286 35
65 3222 232 3298 ventitabat,
244 3223 287 3280 vir
303 3219 408 3297 alioqui
425 3219 517 3279 clarus
535 3231 563 3281 et
578 3223 672 3299 gravis
684 3231 713 3281 et
728 3222 775 3299 qui
789 3219 929 3298 prodesse
942 3217 998 3275 lulio
1010 3234 1068 3273 rne-

65 3308 154 3366 moria
169 3307 212 3364 sui
228 3305 339 3365 debeat.
364 3303 421 3363 Sed
436 3303 514 3365 multi
529 3324 602 3366 nunc
617 3307 644 3364 in
659 3313 757 3364 senato
769 3302 871 3381 quibus
882 3302 996 3376 ignotus
1006 3298 1094 3375 illas

64 3389 144 3451 multi
161 3389 262 3467 quibus
279 3397 381 3465 notus,
404 3387 454 3447 sed
469 3391 588 3448 nonnisi
602 3391 732 3447 viventes
746 3392 928 3445 reverentur:
944 3401 1000 3463 quo
1011 3401 1067 3442 ma·

64 3476 112 3553 gis
133 3474 200 3533 buic
220 3475 324 3534 omissa
344 3473 436 3551 gloria
457 3474 561 3551 patris,
587 3473 616 3531 in
639 3489 693 3548 qua
709 3487 844 3547 magnum
867 3477 1067 3545 ornamentum,
