2588 4116
161 194 223 257 ‘224
461 190 494 251 (l,
516 189 614 252 PLlNl
635 188 685 250 ET
708 187 867 251 ruamur

160 357 220 423 rat,
236 345 404 423 confugisse
419 343 454 404 ad
473 353 548 404 tuam
563 353 682 404 statuam
696 343 924 422 perductumque
939 341 975 401 ad
988 341 1171 417 magistratus

160 430 302 491 indicasse
316 430 444 490 servisse
459 427 608 506 aliquando
624 426 744 487 Laberio
759 425 882 487 Maximo
898 435 1072 504 captumque
1089 442 1107 483 a
1121 424 1171 483 Su·

161 532 232 590 sago
253 515 281 573 in
301 512 412 574 bloesia
434 521 463 572 et
484 530 501 572 a
520 510 670 572 Decebalo
690 512 800 570 muneri
822 512 938 569 missum
955 506 1085 583 Pacoro,
1108 508 1171 567 Par·

161 598 237 658 thiae
252 599 326 675 regi,
342 596 530 676 pluribusque
545 597 624 655 annis
640 597 670 654 in
685 594 842 656 ministerio
859 595 920 655 eius
936 593 1045 671 fuisse,
1069 592 1171 653 deinde

138 682 275 760 aiugisse
292 690 376 759 atque
392 681 430 740 ita
450 681 478 739 ln
500 678 695 739 Nicomediam
716 678 895 756 pervenisse.
924 676 1017 750 Quem
1032 694 1092 754 ego
1107 687 1190 754 per-5

163 767 277 826 ductum
300 764 335 824 ad
354 783 417 840 me,
447 782 510 823 cum
531 763 631 823 eadem
650 772 812 840 narrasset,
841 761 1007 822 mittendum
1022 762 1059 821 ad
1077 772 1107 822 te
1122 779 1171 839 pu-

166 851 235 917 tavi;
255 848 331 927 quod
351 846 436 927 paulo
456 845 563 908 tardius
586 847 658 922 leci,
689 847 753 906 dum
772 847 887 924 requiro
908 862 1067 923 gemmam,
1091 863 1171 923 mam
1244 920 1246 925 Α

167 934 220 995 sibi
235 932 386 992 habentem
401 932 551 1006 imaginem
572 930 673 990 Pacori
694 930 840 1008 atquibus
858 939 972 990 ornatus
987 929 1094 989 fuisset
1107 929 1169 990 sub-

141 1025 281 1084 stractam
298 1015 448 1075 indicabat.
481 1013 567 1074 Volui
588 1017 662 1075 enirn
681 1014 753 1073 banc
775 1032 909 1092 quoque,
933 1015 957 1073 si
977 1015 1099 1073 inveniri
1119 1030 1169 1091 po·

161 1102 282 1176 tuisset,
301 1096 382 1159 slmul
401 1100 530 1175 mittere,
553 1100 628 1158 sicut
648 1096 794 1175 glebulam
815 1098 879 1158 misi
897 1115 978 1175 quam
1000 1115 1034 1158 se
1055 1115 1094 1159 ex
1106 1096 1204 1158 Par-lt

161 1185 239 1244 tbico
254 1181 370 1243 metallo
391 1179 519 1243 attulisse
537 1181 658 1241 dicebat.
691 1178 807 1257 Signata
824 1191 869 1241 est
883 1179 967 1240 anulo
983 1198 1068 1259 meo,
1091 1182 1169 1241 cuius

161 1278 206 1329 est
223 1266 456 1348 aposphragisma
471 1265 615 1344 quadriga.

505 1399 615 1460 LXXV.
639 1397 826 1476 [Lxxvttth

381 1500 407 1549 c.
426 1499 714 1550 asinius‘uaamno
733 1496 938 1550 incusarent.
1177 1520 1202 1569 15
1246 1500 1248 1513 ¹

141 1620 153 1669 l
225 1602 323 1676 lulius,
341 1599 469 1676 domine,
484 1598 592 1676 Largus
611 1620 647 1659 ex
662 1600 751 1660 Ponto
770 1600 893 1661 nondum
907 1597 974 1658 mibi
990 1598 1070 1658 visus
1086 1615 1120 1656 ac
1134 1615 1169 1656 ne

161 1686 271 1746 auditus
288 1683 401 1762 quidem
419 1682 549 1760 (scilicet
569 1682 673 1744 iudicio
696 1695 745 1744 tuo
770 1683 905 1762 credidit)
929 1682 1169 1760 dispensationem
1246 1706 1248 1745 ι

162 1769 300 1847 quandam
320 1766 386 1825 milui
407 1784 477 1842 erga
495 1776 523 1825 te
544 1769 658 1845 pietatis
677 1787 746 1828 suae
761 1769 1005 1845 ministeriumque
1020 1765 1167 1824 mandarit.
1239 1758 1248 1869 ἓ

134 1851 283 1927 allegavit
305 1852 379 1909 enim
400 1857 570 1910 testamento
588 1860 617 1910 ut
638 1850 825 1912 hereditatem
845 1870 924 1913 suam
944 1850 1052 1910 adirem
1067 1867 1169 1908 cerne·
1239 1868 1248 1927 a,

160 1952 279 2013 remque
297 1952 333 1993 ac
359 1932 461 1993 deinde
487 1937 650 2012 praeceptis
673 1938 875 2015 quinquaginta
895 1934 1008 1995 milibus
1028 1943 1205 1996 nmmumao
1241 1950 1248 2035 q

160 2019 301 2097 reliquum
323 2036 404 2078 omne
426 2016 659 2079 Heracleotarum
674 2030 704 2080 et
724 2019 873 2079 Tianorum
890 2019 1051 2077 civitatibus
1065 2014 1168 2076 redde·
1246 2060 1248 2091 ,

160 2121 232 2182 rem,
251 2105 288 2163 ita
299 2113 330 2163 ut
345 2111 424 2163 esset
440 2103 546 2163 arbitrii
561 2105 617 2162 mei
629 2114 720 2164 utrum
737 2123 825 2183 opera
841 2102 970 2163 iacienda
982 2119 1056 2180 quae
1068 2100 1168 2160 bononi

161 2197 210 2248 tuo
240 2196 478 2248 consecrarentur
504 2197 633 2267 putarem
664 2208 698 2248 an
726 2189 913 2248 instituendos
941 2182 1167 2265 quinquennales

161 2290 268 2349 agonas
284 2273 331 2350 qui
347 2271 455 2330 Traiani
470 2271 693 2351 appellarentur,
731 2271 816 2345 Quod
829 2274 858 2330 in
871 2271 996 2329 notitiam
1011 2277 1089 2326 tuam
1105 2286 1167 2348 per·

160 2355 308 2417 ferendum
331 2356 488 2416 existimavi
504 2357 541 2415 ob
562 2355 619 2415 boc
640 2357 777 2431 maxime,
799 2365 829 2413 ut
850 2351 1008 2429 dispiceres
1028 2352 1098 2428 quid
1119 2351 1202 2417 eli-25

159 2458 230 2515 gere
247 2439 376 2501 debeam.

522 2567 645 2627 cxxvi.
670 2565 804 2644 [uxum]

494 2664 657 2717 TRAIANUS
675 2665 781 2715 Ple'lO
800 2665 825 2720 S.

220 2766 307 2827 lulius
329 2766 435 2842 Largus
457 2766 540 2827 tidem
562 2778 655 2846 tuam,
676 2771 756 2848 quasi
775 2779 805 2831 te
826 2770 900 2829 bene
923 2779 1038 2846 nosset,
1064 2770 1204 2848 elegito)

160 2850 235 2923 Quid
250 2868 321 2929 ergo
342 2849 518 2929 potissimum
535 2850 568 2911 ad
591 2855 811 2932 perpetuitatem
827 2855 981 2913 memoriae
996 2856 1057 2914 eius
1079 2853 1166 2915 iaciat
1247 2908 1248 2915 ,

159 2936 315 2997 secundum
332 2937 470 3013 cuiusque
485 2934 543 2996 loci
559 2937 749 2999 conditionem
762 2940 828 3016 ipse
842 2937 963 3017 dispice,
978 2946 1007 2997 et
1024 2938 1099 3016 quod
1115 2955 1166 3016 po·
1245 2940 1248 3041 p

157 3022 296 3083 tissimum
311 3020 528 3097 existimaveris,
547 3021 576 3081 id
590 3041 724 3102 sequere.
747 3096 750 3103 Ι

505 3155 644 3216 uxxvn.
667 3153 814 3235 [uxum]
1173 3196 1206 3251 ,5

381 3256 407 3304 C.
427 3255 554 3306 PLINIUS
571 3255 714 3306 TRAIANO
731 3253 941 3306 impanatum.

134 3371 148 3419 1
220 3358 491 3438 Providentissime,
507 3358 636 3437 domine,
655 3358 750 3418 iecisti
765 3356 841 3436 quod
853 3353 1027 3435 praecepisti
1042 3351 1164 3433 Calpur·

158 3440 204 3497 nio
222 3439 330 3521 Macro,
348 3443 505 3504 clarissimo
521 3444 593 3519 viro,
610 3452 639 3502 ut
650 3442 836 3519 legionarium
850 3439 1042 3499 centurionem
1054 3437 1164 3512 byzan-

108 3628 160 3784 t
