2588 4116
233 219 294 282 124
660 216 692 278 G.
713 216 809 277 PblNl

233 373 283 431 vit.
319 369 472 430 Damnatus
494 377 523 427 et
542 368 571 428 in
584 367 703 428 insulam
718 367 878 445 relegatus:
899 368 1044 429 Bruttiano
1057 371 1241 432 iustissimum

233 455 400 530 integritatis
423 454 612 513 testimonium
634 440 790 528 redditum,
821 469 905 529 quern
932 453 1045 531 quidem
1066 456 1151 514 etiam
1172 472 1241 516 con·

208 540 353 601 ostantiae
369 536 460 614 gloria
474 546 573 596 secuta
589 545 642 594 est.
663 534 734 594 Nam
753 535 888 595 defensus
907 537 1138 614 expeditissime,
1155 555 1240 599 accu-

235 624 306 681 savit
320 622 505 680 vehementer
524 637 579 679 nec
600 621 691 678 minus
713 637 781 678 acer
797 637 879 697 quam
895 619 985 680 bonus
1001 629 1031 680 et
1044 622 1175 681 sincerus
1190 640 1240 702 ap·

207 707 333 783 tparnit.
358 704 441 778 Quod
452 704 502 762 tibi
517 704 638 780 scripsi,
660 712 691 762 nt
712 712 742 764 te
763 704 893 764 sortitum
914 705 1087 782 provinciam
1109 722 1262 783 praemon

232 805 346 863 nerem,
369 786 518 866 plurimum
540 787 590 847 tibi
613 785 713 847 credas
729 805 784 847 nec
801 788 931 865 cuiquam
947 788 1015 848 satis
1030 787 1117 865 fidas,
1136 790 1239 850 deinde

233 873 322 948 scias,
338 873 362 929 si
379 871 441 948 quis
456 870 532 930 sorte
547 879 593 945 te,
617 869 693 948 quod
709 871 872 946 abominor,
895 869 988 947 fallat,
1013 880 1137 949 paratam
1156 871 1238 933 ultio·

206 962 310 1021 Snem;
334 971 388 1030 qua
408 964 501 1013 tamen
522 972 558 1012 ne
575 955 611 1012 sit
626 971 699 1031 opus
716 956 799 1014 etiam
812 954 905 1034 adque
921 958 1004 1014 etiam
1025 955 1149 1020 attende.
1182 956 1237 1018 lle·

232 1054 288 1115 que
305 1040 378 1096 eninr
400 1047 456 1098 tam
477 1036 627 1096 iucundum
652 1046 697 1098 est
718 1040 854 1098 vindicari
875 1057 956 1117 quaro
978 1037 1073 1117 decipi
1093 1043 1236 1101 miserum.

230 1119 311 1180 Vale.
1246 1134 1272 1191 ll

673 1203 779 1265 XXIII.

514 1301 542 1352 Ο.
561 1301 687 1354 PLINIUS
706 1302 838 1354 TRIARIO
857 1300 917 1355 SUO
933 1302 958 1352 S.

206 1412 219 1462 1
293 1402 419 1482 lnpense
433 1407 508 1484 petis
524 1413 555 1464 ut
569 1423 651 1483 agam
668 1423 780 1465 cansam
796 1406 983 1483 pertinentem
994 1406 1029 1465 ad
1041 1425 1137 1467 curam
1150 1418 1235 1488 tuam,

232 1487 378 1567 pulchram
393 1487 499 1566 alioqui
521 1497 550 1548 et
570 1488 715 1548 famosam.
749 1487 877 1566 Faciam,
894 1487 947 1549 sed
962 1505 1019 1548 non
1033 1493 1131 1568 gratis.
1168 1492 1236 1566 ‘Qui

231 1573 292 1632 beri
314 1577 421 1649 potest'
442 1574 534 1650 inquis
557 1576 601 1631 ‘ut
621 1589 677 1631 non
697 1574 785 1648 gratis
807 1569 875 1631 tui’
901 1572 1013 1632 Potest:
1035 1576 1147 1652 exigam
1161 1578 1274 1636 enimlb

206 1655 393 1716 umercedcm
412 1655 605 1716 honestiorem
619 1657 744 1733 gratuito
759 1657 929 1734 patrocinio.
958 1656 1028 1716 Peto
1044 1659 1136 1738 adque
1153 1661 1237 1720 etiam
1273 1683 1276 1687 ¹

232 1741 366 1817 paciscor
385 1749 416 1800 ut
438 1740 520 1799 simul
538 1749 602 1817 agat
623 1738 782 1799 Cremutius
797 1738 887 1800 Ruso.
919 1739 1040 1800 Solitum
1056 1742 1112 1802 hoc
1125 1743 1193 1803 mihi
1208 1751 1237 1803 et

232 1825 285 1881 iam
308 1824 335 1882 in
358 1822 485 1902 pluribus
511 1823 594 1884 claris
615 1822 844 1883 adulescentibus
873 1823 1049 1884 factitatum:
1071 1823 1143 1885 Nam
1167 1829 1237 1886 mire

232 1909 406 1986 concupisco
427 1909 518 1969 bonos
540 1911 658 1967 iuvenes
682 1908 835 1968 ostendere
857 1905 937 1985 loro,
963 1908 1113 1986 adsignare
1136 1909 1235 1970 lamae.

205 1988 316 2062 SQuod
336 1994 361 2050 si
382 1993 444 2070 cui,
469 2001 616 2071 praestare
633 1991 741 2052 Rusoni
755 2010 820 2052 meo
836 1990 948 2069 debeo,
964 1992 1012 2051 vol
1028 2001 1148 2069 propter
1159 2002 1271 2054 nata-lu

231 2072 275 2131 les
296 2076 386 2151 ipsius
413 2075 461 2135 vel
483 2085 602 2155 propter
624 2078 753 2136 eximiam
774 2076 829 2135 mei
857 2077 1016 2144 caritatem
1041 2094 1125 2155 quern
1144 2079 1237 2154 magni

232 2161 349 2218 aestimo
372 2160 400 2218 in
421 2158 512 2220 isdem
533 2160 661 2238 iudiciis,
684 2179 721 2220 en
741 2160 833 2219 isdem
853 2162 936 2220 etiam
959 2160 1086 2238 partibus
1108 2161 1237 2237 conspici

205 2241 328 2302 laudini.
361 2241 464 2322 Obliga
477 2261 540 2320 me,
563 2244 658 2320 obliga
680 2254 744 2302 ante
762 2260 843 2320 quam
858 2241 947 2310 dicat3
967 2260 1030 2300 narn
1046 2260 1110 2300 cum
1125 2243 1236 2319 dixerit,

230 2328 334 2402 gratias
350 2343 428 2402 ages.
458 2326 595 2403 Spondeo
611 2325 791 2386 sollicitudini
806 2333 888 2398 tuae,
904 2325 968 2399 spei
983 2340 1082 2399 meae,
1098 2329 1238 2400 magnitu-

231 2407 287 2467 dini
303 2426 407 2466 causae
421 2408 615 2467 suffecturum.
635 2407 687 2465 Est
702 2406 803 2464 indolis
819 2406 960 2481 optimae,
985 2404 1065 2463 brevi
1080 2408 1270 2483 producto-aa

205 2497 278 2548 trus
299 2490 388 2564 alios,
415 2490 440 2548 si
460 2492 570 2548 interim
592 2499 746 2565 provectus
769 2488 853 2547 luerit
875 2506 891 2547 a
912 2488 1005 2549 nobis.
1036 2486 1139 2569 Neque
1164 2495 1237 2553 enim

232 2573 360 2647 cuiquam
377 2579 432 2629 tarn
453 2569 558 2629 clarum
577 2573 669 2631 statim
688 2572 830 2648 ingenium
849 2578 880 2629 ut
898 2573 990 2648 possit
1004 2591 1166 2651 emergere,
1183 2578 1237 2637 nisi

229 2651 418 2793 qlilmateria,
440 2655 572 2730 occasio,
593 2653 685 2714 iautor
701 2657 784 2715 etiam
797 2655 1066 2735 commendatorque
1080 2661 1235 2738 contingat.

255 2754 308 2795 ae.
1236 2755 1238 2760 '

673 2837 792 2899 XXllli.

515 2937 542 2993 c.
561 2939 686 2991 ruinius
706 2937 817 2990 naono
838 2938 897 2991 suo
917 2940 943 2992 S.

204 3048 217 3100 l
292 3038 382 3112 Quam
401 3039 518 3100 multum
539 3042 660 3103 interest
681 3061 697 3103 a
720 3060 776 3120 quo
798 3043 922 3121 quidque
944 3043 1004 3103 liat!
1032 3042 1139 3104 Eadem
1162 3046 1235 3104 enim

229 3125 303 3184 lacta
320 3122 446 3184 claritate
460 3122 508 3184 vel
523 3125 697 3186 obscuritate
713 3126 875 3187 iacientium
890 3136 937 3188 aut
951 3126 1088 3188 tolluntur
1098 3128 1234 3188 altissime

1242 2886 1274 2941 30

203 3219 275 3272 baut
299 3207 453 3269 humillime
470 3209 673 3288 deprimuntur.
704 3209 878 3287 Navigabam
900 3229 953 3290 per
971 3209 1083 3272 barium
1095 3220 1234 3288 nostrum,

229 3312 292 3353 curn
308 3295 405 3354 senior
419 3295 525 3354 amicus
542 3295 666 3354 ostendit
679 3295 745 3352 mihi
759 3294 854 3354 villam
870 3295 963 3374 adque
977 3297 1060 3355 etiam
1074 3294 1271 3357 cubiculum35

230 3378 306 3451 quod
321 3380 349 3435 in
367 3377 459 3437 lacum
476 3379 630 3455 prominet:
652 3384 701 3438 ‘ex
716 3378 783 3438 hoc'
806 3381 895 3456 iuquit
910 3378 1073 3458 ‘aliquando
1087 3382 1237 3456 municeps
1279 3388 1290 3461 ᾗ

203 3466 325 3520 3nostra
340 3476 403 3518 curn
419 3464 518 3520 marito
534 3479 567 3522 se
579 3463 797 3540 praecipitarit?
822 3460 941 3522 Causam
952 3464 1099 3540 requisivi.
1120 3460 1237 3523 Maritus
1276 3486 1281 3543 j
