2588 4116
424 180 688 242 EPISTULARUM
706 182 730 241 Ι.
754 194 796 244 11.
810 193 851 245 11.
1107 181 1143 241 ll

134 343 176 394 tot
192 335 314 411 pignora
331 350 417 393 veros
443 335 562 393 amicos.
598 333 657 392 Sed
673 343 728 394 tam
744 334 845 413 longa,
861 344 916 395 tam
931 337 1028 414 iniqua
1042 337 1170 396 vstitu-4

134 418 200 477 dine
217 416 433 476 conflictabatur
450 426 481 476 ut
504 417 577 476 baec
592 425 666 477 tanta
682 421 773 496 pretia
785 419 899 479 vivendi
914 423 1014 480 mortis
1030 422 1144 479 rationi·

135 502 190 562 bus
205 502 400 560 vincerentur.
436 498 534 560 Tertio
551 511 579 560 et
595 503 760 562 tricensimo
777 519 867 580 anno,
893 513 924 562 ut
938 505 1032 579 ipsum
1048 505 1143 562 audie-

136 585 217 661 bam,
239 584 344 662 pedum
360 583 462 644 dolore
478 595 631 662 correptus
649 595 704 645 est.
736 585 847 647 Patrius
863 585 911 645 bic
927 585 986 647 illi:
1007 605 1068 645 nam
1084 588 1143 664 ple·

109 680 255 748 anumque
273 669 364 728 morbi
376 686 494 747 quoque
509 686 562 746 per
576 671 782 730 successiones
798 669 945 748 quasdam,
963 679 993 730 ut
1010 670 1074 733 alla,
1092 684 1144 729 tra·-

136 753 250 812 duntur.
284 751 366 812 llunc
381 754 552 812 abstinentia
567 755 727 831 sanctitate,
744 753 838 832 quoad
852 754 951 814 viridis
968 764 1058 827 aetas,
1076 757 1166 812 visito

136 846 166 896 et
187 837 291 914 tregia
321 838 477 898 novissime
497 854 560 895 cum
581 847 732 899 senectute
759 840 1009 916 ingravescentem
1036 839 1145 897 viribus

135 921 220 979 animi
243 920 418 998 sustinebat,
442 938 507 980 cum
530 920 644 1000 quidem
664 921 842 982 incredibilis
865 924 1008 982 cruciatus
1030 931 1059 981 et
1075 923 1171 981 indi-6

135 1006 274 1081 guissima
289 1013 428 1064 tormenta
444 1015 599 1082 pateretur.
621 1005 679 1065 lam
694 1008 769 1065 euim
787 1006 870 1065 dolor
883 1024 940 1065 non
958 1005 1082 1084 pedibus
1098 1023 1144 1066 so·

99 1087 183 1165 tulis,
199 1097 230 1148 ut
245 1091 336 1166 prius,
352 1088 493 1149 insidebat
509 1089 562 1150 sed
576 1091 668 1149 onmia
682 1091 807 1151 membra
822 1091 1040 1168 pervagabatur.
1068 1088 1141 1149 Veni

135 1170 170 1231 ad
186 1189 251 1231 eum
265 1171 419 1232 Domitiani
437 1174 613 1250 temporibus
633 1175 661 1232 in
683 1174 845 1234 suburbano
868 1176 1019 1234 iacentem.
1058 1174 1165 1232 Servi?

135 1255 302 1316 ecubiculo
320 1266 519 1317 recesserunt:
541 1257 664 1316 habebat
679 1257 736 1315 hoc
753 1260 851 1334 moris,
867 1259 999 1335 quotiens
1010 1259 1145 1316 intrasset

135 1338 249 1399 fidelior
260 1341 382 1404 amicus:
399 1341 563 1416 quinetiam
578 1356 661 1416 uxor,
679 1357 846 1417 quamquam
868 1342 958 1398 omnis
976 1342 1082 1398 secreti
1099 1358 1144 1397 ca·

134 1424 305 1501 pacissima,
336 1420 555 1498 digrediebatur.
587 1420 766 1483 Circumtulit
787 1422 890 1482 oculos
910 1431 941 1482 et
962 1427 1038 1482 ‘cur'
1055 1423 1166 1499 inquit&

95 1518 127 1569 15
136 1511 194 1565 ‘me
219 1513 302 1584 putas
324 1504 377 1565 hos
398 1514 492 1566 tantos
516 1505 632 1566 dolores
649 1516 704 1566 tam
725 1505 771 1566 diu
792 1502 955 1568 sustinere?
982 1515 1013 1564 ut
1034 1504 1146 1565 scilicet

135 1592 182 1650 isti
203 1589 304 1650 latroni
324 1588 371 1649 vel
393 1607 449 1649 uno
470 1589 515 1650 die
538 1593 702 1669 supersim!
738 1590 879 1653 Dedisses
901 1590 967 1649 huic
988 1591 1080 1649 animo
1096 1607 1146 1666 par

137 1691 255 1752 corpus,
273 1673 394 1734 iecisset
414 1673 490 1752 quod
505 1675 629 1753 optabat.
652 1674 751 1734 Adfuit
768 1685 863 1734 tamen
877 1674 949 1734 deus
965 1683 1046 1749 voto,
1065 1675 1144 1733 cuius

136 1758 186 1817 ille
203 1775 334 1836 compos,
352 1767 382 1817 ut
398 1759 452 1818 iam
468 1776 588 1818 securus
607 1757 738 1836 liberque
753 1761 921 1834 moriturus,
939 1757 1024 1817 multa
1039 1755 1087 1816 illa
1102 1760 1143 1816 vi·

136 1850 182 1901 tae
198 1841 255 1924 sed,
265 1843 372 1901 minora
388 1841 543 1901 retinacula
558 1842 678 1920 abrupit.
716 1842 880 1903 Increverat
895 1840 1037 1917 valitudo,
1061 1845 1166 1919 quami)

93 1927 321 2004 optemperantia
331 1926 460 2003 mitigare
472 1929 630 2004 temptavit,
647 1937 882 2004 perseverantem
893 1925 1142 2001 constantialugit.

136 2008 194 2067 lam
214 2008 275 2069 dies
297 2008 369 2068 alter
388 2012 489 2068 tertius
511 2019 641 2086 quartus:
668 2009 826 2068 abstinebat
845 2010 919 2068 cibo.
957 2007 1033 2068 Misit
1047 2008 1082 2066 ad
1098 2026 1143 2066 me

134 2110 209 2152 uxor
227 2093 289 2149 eius
308 2089 439 2166 Hispulla
463 2107 640 2148 communem
659 2093 778 2150 amicum
795 2090 827 2150 G.
844 2090 1001 2150 Geminium
1016 2109 1080 2150 cum
1095 2093 1143 2149 tri·

134 2176 264 2236 stissimo
279 2173 394 2248 nuntio,
416 2170 575 2230 destinasse
592 2169 748 2230 Corellium
761 2175 833 2231 mori
846 2191 901 2230 nec
918 2182 965 2230 aut
980 2176 1038 2231 suis
1053 2183 1099 2231 aut
1114 2175 1143 2230 lr-

133 2259 191 2318 liae
204 2256 341 2335 precibus
353 2254 442 2331 flecti,
455 2249 548 2315 solum
562 2271 718 2331 superesse
732 2271 777 2312 me
793 2273 809 2313 a
827 2271 883 2331 quo
898 2257 1029 2311 revocari
1044 2263 1145 2329 posset
1218 2294 1220 2300 s

93 2341 171 2405 abad
183 2343 277 2399 vitam.
302 2337 437 2399 Cucurri:
455 2355 643 2416 perveneram
657 2338 685 2395 in
700 2339 869 2414 proximum,
887 2353 950 2394 oum
966 2334 1033 2393 mihi
1047 2334 1082 2392 ab
1099 2352 1144 2392 ea·
1156 2342 1188 2392 lo

136 2425 203 2485 dem
227 2421 357 2501 Hispulla
376 2421 464 2481 lulius
485 2422 599 2482 Atticus
620 2422 726 2479 nuntiat
747 2420 816 2479 nihil
837 2421 889 2479 iam
911 2437 948 2478 ne
970 2436 1015 2477 me
1032 2415 1147 2495 quidem

134 2512 356 2587 inpetraturum:
377 2515 433 2565 tam
446 2506 587 2566 obstinate
603 2507 692 2582 magis
709 2522 743 2563 ac
758 2506 847 2581 magis
862 2503 1030 2562 induruisse.
1057 2499 1145 2559 Dixe-

134 2602 178 2652 rat
194 2609 263 2652 sane
277 2590 390 2650 medico
404 2589 565 2649 admoventi
581 2590 675 2648 cibum
689 2585 837 2665 κέκρικα,
853 2604 926 2666 quae
942 2604 1000 2644 vox
1013 2593 1145 2664 quantum

135 2674 328 2736 admirationis
349 2676 377 2732 in
398 2676 490 2733 animo
511 2690 575 2732 meo
595 2682 701 2733 tantum
725 2671 858 2731 desiderii
879 2669 1002 2747 reliquit.
1039 2666 1143 2745 Cogito

93 2773 194 2837 eoquo
207 2760 309 2835 amico,
328 2775 384 2836 quo
395 2759 457 2816 viro
471 2774 590 2817 caream.
613 2754 745 2835 Implevit
756 2755 869 2833 quidem
880 2771 980 2813 aunum
995 2755 1145 2831 septimum
1156 2763 1186 2815 11

138 2851 169 2902 et
191 2844 436 2919 sexagensimum,
459 2859 532 2919 quae
556 2850 635 2900 aetas
657 2841 740 2898 etiam
755 2839 959 2898 robustissimis
975 2838 1043 2896 satis
1058 2835 1145 2911 longa

139 2934 199 2985 est:
216 2927 288 2984 scio.
306 2924 404 2985 Evasit
416 2933 583 3003 perpetuam
593 2922 790 2983 valitudinem:
807 2923 879 2982 scio.
895 2920 1032 2980 Decessit
1044 2936 1144 2997 super·

138 3008 250 3069 stitibus
268 3010 339 3084 suis,
355 3008 476 3068 florente
490 3025 523 3066 re
537 3007 669 3086 publica,
685 3023 759 3085 quae
775 3004 816 3063 illi
832 3005 960 3064 omnibus
978 3006 1036 3063 suis
1054 3004 1145 3062 carior

138 3102 214 3151 erat:
231 3101 260 3151 et
272 3090 328 3151 hoc
340 3095 411 3152 scio.
428 3089 534 3169 Tamen
545 3101 685 3170 tamquam
697 3098 726 3149 et
738 3090 847 3148 iuvenis
863 3098 892 3147 et
908 3089 1057 3147 firmissimi
1071 3102 1145 3143 mor·
1155 3093 1188 3144 12

94 3185 129 3240 35
136 3185 195 3236 tem
203 3174 301 3250 doleo,
315 3175 401 3236 doleo
411 3183 515 3250 autem,
527 3173 597 3235 licet
609 3194 653 3234 me
663 3171 827 3232 inbecillum
840 3180 936 3250 putes,
950 3169 1144 3229 meonomine.

139 3260 230 3319 Amisi
251 3260 343 3334 enim,
368 3259 448 3318 amisi
467 3260 543 3319 vitae
564 3277 645 3318 meae
666 3266 771 3317 testem
798 3264 942 3314 rectorem
970 3252 1144 3325 magistrum.

138 3343 171 3403 ln
187 3360 306 3418 summa,
325 3342 415 3401 dicam
430 3341 506 3421 quod
522 3344 631 3401 recenti
645 3340 745 3400 dolore
762 3334 958 3397 contubernali
972 3350 1037 3391 meo
1053 3329 1145 3391 Calvi-

140 3430 185 3488 sio
200 3428 270 3503 dixi,
287 3431 404 3487 ‘vereor
418 3445 454 3485 ne
471 3424 671 3502 neglegentius
685 3425 799 3482 vivam?
822 3417 941 3478 Proinde
954 3416 1055 3477 adhibe
1072 3415 1146 3475 sola·
1156 3425 1188 3477 13
