2588 4116
132 252 196 314 220
433 249 466 310 0.
489 248 585 310 l’blNl
607 248 656 309 ΕΤ
678 248 835 310 TRAlAlll

133 403 209 483 quod
225 403 303 463 iossa
323 402 454 464 iacienda
469 413 514 464 est
534 403 659 464 incidunt
678 403 747 471 rivi;
771 405 818 480 qui
839 403 863 463 si
884 401 1040 480 diligenter
1060 404 1141 464 colli·

107 497 250 566 spuatur,
272 488 418 565 augebunt
438 487 509 547 illud
532 487 608 565 quod
624 485 704 547 lacus
719 486 839 547 dederit.
868 484 1023 547 Enimvero
1039 490 1065 548 si
1083 488 1141 565 pla·

134 582 198 632 ocat
221 571 327 632 lossam
348 572 461 649 longius
481 571 587 631 ducere
611 580 641 630 et
663 573 750 630 artius
772 589 901 649 pressam
923 574 992 630 mari
1014 589 1141 650 aequare

133 675 187 716 nec
202 659 230 716 in
246 656 348 716 ilumen
368 656 421 718 sed
441 657 470 715 in
486 657 579 735 ipsum
590 674 666 715 mare
682 656 829 732 emittere,
847 673 1040 734 repercussus
1058 658 1142 717 maris

134 742 258 802 servabit
273 750 302 801 et
315 741 468 820 reprimet,
491 738 626 819 quidquid
641 757 658 799 e
674 739 738 798 lacu
750 739 856 799 veniet·
888 737 1015 810 Quorum
1030 740 1056 799 si
1073 739 1164 803 nibilt

134 827 217 887 nobis
233 824 291 883 loci
306 834 402 884 natum
417 833 593 903 praestaret,
614 823 777 902 expeditum
794 832 886 883 tamen
908 833 967 882 erat
989 827 1141 893 cataractis

110 923 224 987 eaquae
240 927 352 969 cursum
368 917 536 988 temperare.
568 908 674 968 Verum
697 916 726 967 et
747 906 819 967 baec
839 916 868 967 et
885 905 939 966 alia
954 906 1044 967 multo
1060 926 1141 985 saga·
1216 874 1218 955 l

135 996 195 1053 cius
218 993 366 1071 conquiret
388 992 608 1071 explorabitque
627 992 762 1068 librator,
785 1007 869 1068 quem
891 989 992 1078 plane,
1016 990 1140 1068 domine,

134 1075 224 1137 debes
246 1079 375 1153 mittere,
398 1086 429 1136 ut
451 1076 608 1155 polliceris.
638 1074 691 1136 Est
708 1075 783 1135 enim
797 1093 845 1134 res
859 1073 943 1151 digna
957 1084 987 1134 et
1002 1077 1140 1152 magnitu-

134 1158 198 1219 dine
223 1169 270 1220 tua
291 1170 321 1220 ct
342 1178 417 1220 cura.
450 1159 514 1238 Ego
538 1161 650 1220 interim
670 1155 824 1237 Calpurnio
843 1156 958 1235 blacro,
982 1157 1180 1227 clarissimum

133 1245 213 1321 viro,
237 1254 355 1305 auctore
375 1255 404 1306 te
426 1246 531 1324 scripsi
546 1254 576 1305 ut
591 1242 755 1304 libratorem
772 1259 854 1320 quam
870 1244 990 1301 maxime
1008 1242 1142 1304 idoneum

133 1329 270 1389 mitteret.

527 1459 611 1520 uxrr.
635 1459 739 1537 [exau

471 1560 635 1610 annianus
650 1559 754 1610 nmmo
772 1559 798 1613 s.
1151 1586 1179 1637 15

195 1659 376 1720 blanilestom
390 1671 446 1735 est,
459 1662 495 1720 mi
508 1661 640 1721 Secunde
657 1663 813 1738 carissime,
828 1681 883 1721 nec
896 1660 1072 1739 prudentiam
1087 1680 1140 1721 nec

134 1742 308 1820 diligentiam
329 1743 379 1802 tibi
403 1744 531 1804 defuisse
554 1746 630 1805 circa
651 1745 736 1806 istum
756 1739 863 1821 laicum,
895 1762 958 1803 cum
980 1755 1036 1804 tam
1056 1745 1141 1805 multa

132 1828 248 1904 provisa
265 1826 389 1903 habeas,
411 1845 465 1906 per
484 1845 556 1905 quae
576 1845 631 1888 nec
651 1827 831 1907 periclitetur
847 1827 988 1888 exhauriri
1005 1838 1034 1889 ot
1051 1828 1139 1906 magis

132 1911 160 1967 in
177 1928 245 1970 usus
267 1910 350 1970 nobis
372 1910 482 1971 futurus
499 1913 544 1972 sit.
579 1911 665 1989 Elige
683 1913 770 1989 igitur
786 1913 815 1973 id
831 1912 908 1992 quod
921 1915 1077 1993 pmecipue
1091 1931 1137 1971 res

133 1995 196 2069 ipsa
212 1996 343 2055 suaserit.
368 1991 551 2074 Calpurnium
561 1995 692 2055 blacrum
708 1999 794 2058 credo
811 1997 950 2058 facturum
963 2006 992 2056 ut
1010 2006 1040 2057 te
1058 1996 1177 2059 libra-oo

135 2084 196 2137 tore
210 2080 339 2156 instruat,
355 2098 450 2159 neque
466 2081 631 2158 provinciae
646 2082 718 2139 istae
733 2078 777 2140 bis
792 2081 947 2141 artificibus
964 2089 1070 2141 carent.

525 2209 626 2271 nxru.
647 2211 746 2288 [xum

356 2309 383 2363 (l.
404 2308 527 2359 PLINIUS
545 2307 691 2358 TRAIANO
709 2305 914 2354 IMPERATORI.

198 2413 320 2490 Scripsit
333 2409 400 2467 milri
409 2454 418 2485 ,
435 2409 564 2483 domine,
580 2405 732 2480 Lycormas
746 2402 865 2460 libertus
879 2409 961 2477 tuus,
978 2409 1025 2476 ut,
1042 2404 1067 2462 si
1086 2417 1186 2483 qna25

134 2492 241 2569 legatio
256 2511 272 2551 a
286 2493 418 2565 Bosporo
432 2491 560 2549 venisset
576 2488 674 2545 urbem
688 2485 821 2563 petitum,
837 2485 971 2562 usquein
987 2485 1143 2549 adventum

133 2592 214 2633 suum
229 2576 407 2632 retineretur.
438 2568 476 2628 Et
491 2569 599 2645 legatio
615 2566 744 2645 quidem,
761 2565 902 2629 dumtaxat
919 2571 947 2628 in
963 2587 1025 2629 eam
1042 2573 1141 2632 civita-

132 2665 190 2713 tem
205 2655 232 2711 in
248 2672 302 2732 qua
317 2655 381 2729 ipse
393 2669 471 2728 sum,
490 2651 567 2712 nulla
586 2651 677 2712 adbuc
692 2653 786 2728 venit,
809 2653 861 2713 sed
878 2655 957 2714 venit
973 2654 1140 2716 tabellarius

133 2738 330 2811 Sauromatae,
354 2753 438 2812 quem
460 2753 536 2813 ego,
560 2755 629 2798 usus
646 2738 857 2816 opportunitate
873 2756 957 2816 qnam
969 2738 1035 2796 mihi
1055 2757 1138 2799 casus

131 2818 290 2896 obtulerat,
315 2835 379 2879 cum
398 2819 547 2881 tabellario
564 2823 612 2899 qui
628 2820 794 2897 bycormam
810 2840 848 2882 ex
862 2823 962 2883 itinere
978 2825 1180 2901 praecessitao

131 2903 296 2963 mittendum
311 2905 424 2983 putaui,
446 2914 476 2965 ut
490 2923 595 2985 posses
612 2925 649 2966 ex
666 2906 821 2981 bycormae
838 2915 867 2966 et
885 2926 922 2967 ex
935 2908 1013 2983 regis
1029 2908 1138 2985 epistu-

132 2987 168 3048 lis
185 2990 291 3064 pariter
305 3006 486 3067 cognoscere
502 3009 574 3069 quae
587 2991 711 3051 fortasse
727 2992 832 3069 pariter
846 2992 921 3051 scire
937 2988 1071 3050 deberes.

502 3123 616 3185 nxrrrr.
638 3123 751 3202 [uirus]

354 3224 381 3275 C.
400 3224 523 3277 PLINIUS
541 3226 686 3276 TRAIANO
703 3224 910 3278 IMPERATORI.
1145 3253 1179 3306 35

194 3327 258 3387 Rex
275 3329 456 3391 Sauromates
474 3331 590 3410 scripsit
604 3329 671 3389 mibi
689 3348 757 3391 esse
774 3328 910 3407 quaedam
924 3345 997 3406 quae
1013 3327 1136 3388 deberes

134 3426 217 3486 quam
230 3414 418 3474 maturissime
434 3415 520 3475 scire.
545 3413 607 3487 Qua
620 3433 657 3475 ex
673 3430 758 3474 causa
775 3412 983 3473 festinationem
996 3410 1138 3473 tabellarii

134 3489 269 3577 quemad
283 3501 312 3551 te
329 3513 392 3555 cum
408 3498 539 3577 epistulis
552 3500 627 3558 misit
645 3497 798 3575 diplomate
813 3495 914 3556 adiuvi.

108 3666 220 3768 w
