2588 4116
404 448 667 512 EPISTULARUM
681 451 729 512 vt.
753 461 795 515 19.
812 463 855 515 ab.
1081 453 1141 517 121

137 601 228 659 minus
249 598 450 660 formidolosus
473 601 538 679 quia
560 599 732 679 Campaniae
752 603 862 663 solitus.
894 600 946 662 llla
967 619 1038 663 vero
1056 615 1141 664 nocte

136 684 175 743 ita
189 682 306 742 invaluit
321 692 421 744 utnon
437 685 545 744 moveri
560 688 651 746 omnia
663 686 715 745 sed
730 687 803 746 verti
818 685 1011 746 crederentur.
1036 687 1169 749 lurum-a

136 769 177 845 pit
194 765 355 827 cubiculum
370 785 463 826 meum
478 778 581 829 mater:
597 771 760 847 surgebam,
775 770 909 849 invicem,
925 773 950 830 si
966 770 1139 848 quiesceret,

136 852 319 911 excitaturus.
346 851 508 913 Residimus
523 855 551 912 in
566 872 632 914 area
647 854 757 929 domus,
774 872 846 932 quac
862 872 937 914 marc
954 871 969 913 a
983 857 1067 913 tectis
1082 872 1141 913 mo-

108 934 200 998 sdico
216 937 309 1012 spatio
325 935 477 997 dividebat.
497 935 603 996 Dubito
620 939 804 997 constantiam
818 955 923 997 vocare
939 954 974 996 an
989 937 1167 1015 inprudens

135 1019 200 1076 tiam
218 1018 351 1086 debeam;
373 1021 492 1097 agebam
514 1023 588 1079 enim
610 1021 888 1082 duodevicensimum
910 1039 1025 1081 annum:
1051 1039 1140 1098 posco

134 1101 236 1161 librum
244 1101 298 1161 Titi
313 1101 373 1161 Livi
389 1113 418 1162 et
430 1107 511 1182 quasi
526 1123 580 1183 per
591 1107 677 1165 otium
687 1105 755 1183 lego
770 1106 863 1184 adque
878 1106 972 1181 etiam,
988 1112 1018 1164 ut
1034 1123 1140 1184 coepe-

134 1204 209 1262 ram,
226 1203 364 1262 excerpo.
397 1186 494 1264 Ecce,
516 1190 622 1249 amicus
640 1189 790 1266 avunculi,
807 1191 854 1268 qui
869 1206 961 1266 nuper
974 1188 1009 1248 ad
1025 1208 1089 1248 eum
1104 1208 1141 1249 ex

133 1269 268 1347 Hispania
283 1280 417 1345 venerat,
440 1280 471 1329 ut
485 1290 530 1330 me
546 1282 575 1331 et
589 1282 705 1332 matrem
726 1273 881 1348 sedentes,
903 1290 949 1330 me
969 1290 1040 1330 uero
1058 1274 1139 1332 etiam

95 1353 280 1430 relegentem
295 1352 388 1431 videt,
411 1353 488 1412 illius
502 1356 682 1431 patientiam,
700 1357 882 1417 securitatem
903 1371 993 1413 meam
1009 1357 1139 1434 corripit:

133 1437 221 1496 nihilo
237 1440 354 1513 segnius
369 1455 426 1515 ego
443 1439 566 1517 intentus
580 1440 608 1497 in
624 1439 733 1498 librum.
764 1437 822 1499 lam
838 1438 907 1497 hora
923 1437 979 1496 diei
995 1439 1095 1515 prima,
1113 1449 1166 1506 ets

134 1520 226 1581 adhuc
247 1521 348 1580 dubius
370 1531 399 1580 et
420 1523 501 1601 quasi
522 1521 671 1599 languidus
687 1522 758 1582 dies.
791 1521 848 1582 lam
866 1521 1004 1600 quassatis
1021 1523 1139 1582 circum-

133 1604 291 1664 iacentibus
313 1607 414 1681 tectis,
432 1623 598 1684 quamquam
618 1609 645 1665 in
667 1615 768 1683 aperto
789 1606 873 1682 loco,
898 1598 1017 1681 angusto
1034 1615 1137 1681 tamen,

133 1705 251 1763 magnus
267 1696 295 1747 et
310 1697 405 1749 certus
420 1691 517 1751 ruinae
532 1700 634 1750 metus.
658 1690 728 1750 'lum
746 1690 857 1749 demum
873 1688 1017 1749 excedere
1033 1689 1166 1768 oppidot

93 1773 124 1824 15
134 1773 240 1830 visum:
262 1775 391 1851 sequitur
409 1774 513 1852 vulgus
534 1776 696 1851 attonitum,
720 1774 854 1854 quodque
875 1775 903 1833 in
923 1790 1029 1850 pavore
1046 1773 1138 1833 simile
1218 1778 1222 1785 '

133 1855 317 1934 prudentiae,
333 1856 454 1917 alienum
472 1859 620 1919 eonsilium
635 1877 687 1918 suo
704 1859 829 1937 praefert
845 1860 1011 1935 ingentique
1026 1858 1138 1933 agmine

132 1939 261 2000 abeuntis
277 1942 379 2017 premit
400 1952 428 2001 et
449 1943 568 2020 inpellit.
602 1942 721 2019 Egressi
735 1952 812 2003 tecta
828 1942 1018 2001 consistimus.
1052 1939 1166 2006 lllultass

132 2023 172 2082 ibi
192 2025 334 2100 miranda,
357 2023 458 2082 multas
479 2025 643 2085 formidines
666 2027 793 2101 patimur.
828 2023 898 2083 Nam
918 2023 1049 2082 vehicula
1066 2041 1138 2102 quae

132 2105 253 2184 produci
269 2110 455 2182 iusseramus,
478 2124 644 2184 quamquam
659 2109 686 2165 in
702 2106 865 2183 planissimo
882 2123 1000 2182 campo,
1027 2107 1054 2164 in
1071 2123 1138 2164 oon·

89 2190 235 2254 botrarias
251 2198 348 2265 partes
364 2190 520 2263 agebantur
534 2206 567 2247 ae
583 2206 619 2246 ne
633 2188 772 2266 lapidibus
788 2189 898 2266 quidem
915 2188 984 2246 fulta
998 2189 1027 2245 in
1039 2187 1139 2246 eodem

132 2272 258 2347 vestigio
281 2270 474 2347 quiescebant.
503 2270 653 2330 Praeterea
675 2288 751 2331 mare
772 2274 800 2331 in
822 2289 854 2331 se
874 2270 1017 2330 resorberi
1039 2280 1068 2330 et
1083 2281 1166 2340 tre-9

131 2372 213 2414 more
230 2364 324 2413 terrae
345 2355 425 2433 quasi
444 2353 548 2433 repelli
563 2353 737 2416 videbamus.
772 2353 859 2415 Certe
875 2362 1058 2432 processerat
1074 2354 1138 2413 litus

131 2439 276 2516 multaque
298 2437 425 2498 animalia
446 2440 530 2500 maris
552 2439 639 2499 siccis
662 2440 776 2499 harenis
797 2438 949 2498 detinebat.
983 2437 1028 2496 Ab
1049 2436 1138 2498 altero

131 2524 222 2583 latere
243 2522 334 2581 nubes
355 2531 413 2583 atra
435 2531 464 2582 et
486 2523 624 2584 horrenda
646 2523 723 2599 ignei
737 2525 852 2602 spiritus
868 2524 950 2582 tortis
965 2522 1138 2600 vibratisque

89 2607 309 2666 ltdiscursihus
336 2617 418 2685 rupta
451 2608 478 2667 in
506 2608 606 2686 longas
634 2607 803 2667 llammarum
830 2608 934 2684 figuras
957 2605 1137 2665 dehiscebat:

131 2688 293 2766 fulguribus
312 2690 377 2749 illae
396 2700 425 2750 et
445 2692 552 2752 similes
576 2701 604 2750 et
625 2693 750 2751 maiores
772 2700 860 2752 erant.
893 2689 963 2749 Tum
978 2707 1048 2749 vero
1064 2689 1138 2748 idem
1150 2703 1182 2753 10

132 2773 183 2832 ille
206 2790 243 2832 ex
261 2773 395 2851 Hispania
416 2776 523 2833 amicus
544 2777 638 2834 acrius
659 2786 688 2836 et
707 2777 853 2836 instantius
876 2775 913 2833 ‘si
934 2773 1032 2834 frater'
1049 2774 1139 2851 inquit

133 2861 221 2933 tuus,
238 2866 302 2916 tuus
318 2857 474 2916 avunculus
488 2859 568 2937 vivit,
586 2858 646 2919 vult
661 2877 727 2937 esse
742 2874 796 2918 vos
812 2860 923 2919 salvos:
940 2859 964 2918 si
981 2858 1074 2935 periit,
1092 2875 1138 2916 su·

133 2942 269 3019 perstites
290 2941 395 3000 voluit:
422 2942 541 3018 proinde
563 2943 630 3019 quid
652 2944 771 3004 cessatis
793 2939 954 3002 evadere?'
979 2939 1138 3020 Respondi·

88 3034 196 3087 manus
216 3041 273 3083 non
295 3027 497 3092 commissuros
518 3043 571 3086 nos
592 3036 622 3084 ut
643 3025 679 3086 de
701 3027 791 3087 salute
812 3028 888 3087 illius
909 3027 1011 3085 incerti
1024 3033 1138 3085 nostrae

134 3107 357 3167 consuleremus.
390 3107 455 3167 Non
469 3119 591 3168 moratus
613 3110 685 3169 ultra
701 3114 821 3189 proripit
838 3130 870 3170 se
888 3110 1037 3184 effusoque
1054 3124 1138 3166 cursu
1149 3120 1180 3170 11

132 3190 263 3268 periculo
285 3192 419 3251 aulertur.
451 3191 514 3252 Nec
537 3194 623 3252 nutrito
644 3204 710 3270 post
732 3195 779 3254 illa
798 3195 888 3253 nubes
911 3189 1091 3250 descendere
1111 3191 1139 3245 in

133 3284 234 3352 terras,
252 3278 366 3351 operire
382 3276 479 3334 maria:
495 3279 620 3335 cinmrat
634 3275 758 3355 Capreas
775 3287 803 3335 et
819 3273 1022 3335 absconderat:
1037 3269 1139 3330 Miseni

134 3359 211 3437 quod
225 3361 367 3436 procurrit
381 3358 546 3418 abstulerat.
579 3359 649 3417 'lum
670 3370 759 3419 mater
774 3377 872 3438 orare,
895 3357 1017 3432 hortari,
1038 3354 1182 3419 iuberem

88 3456 252 3521 35quoquo
273 3442 358 3502 modo
379 3443 523 3519 lugerem
547 3460 637 3521 posse
659 3447 732 3502 enim
753 3445 900 3516 iuvenem,
923 3458 955 3499 se
971 3449 1000 3498 et
1017 3441 1096 3499 annis
1111 3449 1139 3498 et

134 3543 259 3604 corpore
276 3542 393 3602 gravem
408 3527 482 3586 hene
496 3528 674 3603 morituram,
697 3529 722 3586 si
736 3525 802 3583 milri
816 3541 900 3583 causa
914 3525 1011 3584 mortis
1027 3542 1083 3584 non
1097 3521 1139 3582 lu·

131 3609 216 3670 isset.
239 3606 305 3684 Ego
319 3619 434 3688 contra,
456 3610 564 3670 salvum
578 3627 624 3667 me
638 3611 691 3667 nisi
707 3626 760 3666 nna
773 3625 830 3666 non
845 3607 982 3667 loturum:
1005 3606 1069 3667 dein
1083 3624 1139 3664 ma·

131 3708 200 3753 num
216 3693 279 3751 eius
291 3692 457 3770 amplexus,
479 3691 584 3764 addere
599 3691 716 3769 gradum
733 3709 816 3768 coge.
851 3691 933 3750 Paret
952 3709 1038 3769 aegre
1061 3690 1139 3748 incu-
