2588 4116
443 171 709 233 PANEGYRICUS
722 184 764 235 82.
779 184 823 238 83·
835 184 879 239 84.
1098 179 1158 243 291

152 342 209 401 que
227 339 328 382 arcana
344 325 490 384 noscenda
505 325 596 386 famae
612 328 747 404 proponit
761 337 847 404 atque
865 328 997 406 explicat.
1019 330 1081 390 Sed
1096 331 1158 409 tibi,

152 405 275 481 Caesar,
302 405 370 465 nihil
391 408 630 468 accommodatius
651 409 738 468 fuerit
759 409 793 469 ad
813 410 934 487 gloriam
952 430 1034 490 quam
1047 417 1160 492 penitus

150 490 265 568 inspici.
289 489 361 550 Sunt
375 491 488 569 quidem
504 492 651 570 praeclara
665 510 738 570 quae
752 495 780 551 in
794 494 941 572 publicum
955 496 1089 574 profers,
1108 499 1160 559 sed

149 590 208 632 non
222 574 330 631 minora
345 592 379 634 ea
397 594 471 653 quae
486 575 580 636 limine
596 585 689 636 tenes.
721 574 776 637 Est
794 579 973 655 magnificum
987 580 1063 657 quod
1079 589 1108 639 te
1124 582 1159 641 ab

123 659 225 722 somni
248 659 420 734 contagione
441 661 573 718 vitiorum
592 662 723 738 reprimis
743 678 777 720 ac
797 679 936 741 revocas,
961 663 1014 723 sed
1034 665 1159 741 magnifr-

150 743 261 801 centius
279 740 356 818 quod
372 751 446 803 tuos.
475 741 586 814 Quanto
602 746 675 802 enim
689 745 780 821 magis
795 744 912 804 arduum
927 754 972 805 est
988 746 1060 805 alios
1077 765 1157 826 prae·

149 834 226 885 stare
243 841 325 902 quam
340 844 391 904 se,
414 836 491 886 tanto
506 826 674 886 laudabilius
690 827 783 905 quod,
806 845 871 887 cum
885 830 949 908 ipse
963 831 1004 889 sis
1021 833 1157 907 optimus,
1194 821 1202 845 ³

149 926 249 968 omnes
265 910 342 967 circa
355 919 385 969 te
401 910 508 971 similes
519 913 558 969 tui
570 910 702 971 effecisti.
730 909 827 971 linitis
842 911 1007 972 inlustribus
1022 913 1158 973 dedecori

148 993 202 1053 fuit
222 1001 269 1051 aut
289 992 477 1054 inconsultius
495 1012 568 1054 uxor
582 993 728 1072 adsumpta
743 1005 790 1055 aut
805 1005 915 1056 retenta
931 998 1098 1075 patientius:
1119 999 1157 1056 ita

107 1090 141 1141 10
150 1077 221 1137 foris
237 1075 332 1135 claros
348 1075 504 1138 domestica
520 1079 685 1138 destruebat
701 1078 829 1157 infamia,
853 1088 882 1141 et
897 1099 933 1139 ne
949 1081 1060 1139 maximi
1077 1082 1156 1142 cives

146 1161 321 1221 haberentur
336 1161 392 1220 hoc
407 1161 551 1222 efficiebat
566 1162 643 1239 quod
656 1165 747 1222 mariti
759 1165 884 1222 minores
896 1173 983 1222 erant.
1008 1162 1070 1222 Tibi
1085 1181 1157 1223 uxor

148 1247 176 1304 in
195 1244 285 1304 decus
301 1253 329 1303 et
344 1244 464 1321 gloriam
480 1245 564 1305 cedit.
594 1244 669 1318 Quid
685 1248 759 1304 enim
773 1245 822 1306 illa
836 1242 983 1305 sanctius?
1005 1244 1072 1323 quid
1086 1248 1155 1305 anti·

149 1324 253 1407 quius?
275 1327 393 1405 Nonne,
415 1331 439 1388 si
454 1329 582 1408 pontifici
600 1331 718 1389 maximo
738 1328 872 1406 eligenda
888 1331 925 1388 sit
947 1330 1085 1405 coniunx,
1108 1338 1155 1389 aut

148 1412 221 1473 banc
236 1421 283 1471 aut
301 1411 420 1471 similem
437 1413 501 1491 (ubi
514 1423 559 1472 est
574 1423 667 1473 autem
682 1410 781 1473 similis
788 1409 818 1490 f)
831 1408 977 1489 elegerit?
1000 1411 1090 1485 Quam
1107 1412 1155 1473 illa

112 1507 141 1559 15
150 1495 220 1555 nihil
234 1495 289 1556 sibi
307 1514 343 1555 ex
358 1495 471 1557 fortuna
486 1506 533 1557 tua
547 1497 601 1555 nisi
620 1496 751 1573 gaudium
763 1495 901 1556 vindicat!
925 1513 1008 1574 quam
1023 1505 1154 1556 constan·

148 1589 193 1640 ter
212 1595 268 1639 non
286 1582 442 1658 potentiam
457 1588 547 1658 tuam,
570 1579 623 1640 sed
643 1582 736 1659 ipsum
750 1590 779 1639 te
795 1579 956 1639 reveretur!
985 1578 1064 1639 Idem
1085 1581 1155 1639 estis

148 1665 272 1724 invicem
290 1662 366 1741 quod
380 1663 489 1738 fuistis,
512 1664 623 1743 probati
638 1682 675 1723 ex
691 1681 801 1742 aequo,
822 1663 947 1741 nihilque
963 1664 1046 1722 vobis
1062 1662 1154 1722 felici·

148 1758 191 1808 tas
212 1747 316 1806 addidit
336 1749 390 1806 nisi
411 1747 582 1825 quodscire
606 1748 744 1827 coepistis
765 1765 847 1826 quam
871 1748 945 1807 bene
968 1756 1090 1824 uterque
1104 1765 1153 1806 ve·

148 1841 236 1891 strum
248 1830 414 1890 felicitatem
426 1832 507 1890 ferat.
529 1830 638 1890 Eadem
650 1848 732 1908 quam
743 1832 853 1891 modica
865 1829 956 1891 cultu!
973 1845 1055 1908 quam
1069 1847 1155 1909 parca

105 1926 139 1978 20
150 1912 296 1975 comitatu!
313 1931 395 1989 quam
410 1912 501 1971 civilis
514 1913 644 1972 incessu!
659 1913 750 1972 blariti
764 1913 820 1972 hoc
837 1930 926 1990 opus,
943 1915 1039 1989 quita
1054 1914 1152 1990 inbuit,

147 2001 185 2056 ita
206 1996 338 2055 instituit:
364 2013 426 2055 uam
447 1997 527 2054 uxori
547 1995 653 2054 suflicit
673 1994 803 2072 obsequii
817 1996 918 2072 gloria.
950 1995 1013 2073 An,
1036 2014 1099 2054 oum
1113 1999 1153 2054 vi·

148 2080 213 2139 deat
230 2096 312 2156 quam
334 2086 363 2137 te
384 2077 480 2136 nullus
500 2087 609 2153 terror,
637 2077 712 2138 nulla
731 2080 880 2138 comitetur
895 2078 1026 2154 ambitio,
1052 2095 1108 2137 non
1124 2089 1154 2138 et

146 2167 210 2242 ipsa
227 2181 290 2222 curn
304 2161 418 2221 silentio
430 2162 542 2222 incedat
555 2161 819 2239 ingredientemque
836 2161 959 2240 pedibus
972 2163 1110 2237 maritum,
1125 2163 1154 2220 in

148 2255 281 2326 quantum
298 2247 403 2325 patitur
416 2264 523 2323 sexus,
539 2243 681 2304 imitetur?
705 2244 844 2305 Decuerit
859 2246 914 2305 hoc
925 2244 1026 2322 illam,
1044 2246 1152 2304 etiamsi

104 2345 139 2397 ts
149 2332 262 2391 diversa
282 2340 312 2390 tu
331 2329 430 2390 facias.
461 2330 520 2389 Sub
535 2328 588 2389 hac
603 2346 675 2389 vero
691 2329 828 2390 modestia
844 2331 897 2387 viri
920 2337 1050 2406 quantam
1065 2327 1153 2387 debet

146 2414 348 2476 verecundiam
364 2432 436 2474 uxor
449 2416 563 2490 marito,
588 2412 693 2474 femina
706 2412 773 2473 sibi!
803 2413 892 2473 Soror
904 2421 998 2471 autem
1011 2421 1058 2472 tua
1074 2420 1104 2470 ut
1119 2430 1151 2471 se
1162 2407 1205 2472 84

147 2517 277 2558 sororem
294 2517 360 2558 esse
372 2498 510 2559 meminit!
533 2499 606 2558 utin
626 2498 674 2559 illa
694 2507 741 2558 tus
762 2497 944 2575 simplicitas,
967 2506 1014 2555 tua
1035 2497 1151 2573 veritas,

147 2594 213 2642 tuus
236 2580 340 2640 candor
356 2582 533 2658 agnoscitur!
558 2592 606 2659 ut,
632 2584 656 2643 si
678 2583 740 2660 quis
756 2598 818 2641 eam
832 2583 914 2640 uxori
930 2588 995 2640 tuae
1012 2579 1151 2656 conferat,

148 2666 276 2726 dubitare
298 2674 415 2741 cogatur
436 2676 526 2725 utrum
547 2668 584 2725 sit
607 2664 752 2725 efficacius
767 2664 802 2724 ad
818 2674 898 2725 recte
912 2664 1064 2725 vivendum
1078 2663 1152 2723 bene

103 2761 140 2814 30
149 2751 254 2810 institui
270 2766 306 2806 an
320 2747 445 2819 feliciter
459 2751 548 2809 nasci.
580 2748 658 2808 Nihil
678 2759 722 2809 est
736 2758 792 2809 tam
812 2767 932 2830 pronum
946 2748 981 2808 ad
994 2748 1152 2810 simultates

149 2852 231 2913 quum
251 2831 418 2908 aemulatio,
439 2834 466 2891 in
487 2833 598 2892 feminis
613 2832 795 2911 praesertim:
819 2852 854 2894 ea
870 2851 956 2912 porro
971 2835 1090 2892 maxime
1105 2848 1153 2890 na·

148 2920 238 2978 scitur
253 2935 291 2976 ex
305 2918 523 2993 coniunctione,
546 2915 629 2975 alitur
647 2916 833 2994 aequalitate,
855 2916 1016 2976 exardescit
1035 2914 1150 2990 inuidia,

149 3004 230 3062 cuius
247 3000 308 3059 frnis
325 3010 369 3059 est
387 2998 489 3059 odium.
521 2997 592 3072 Quo
608 3000 722 3078 quidem
735 2999 924 3059 admirabilius
940 2997 1152 3058 existimandum

149 3094 194 3145 est
215 3082 291 3163 quod
310 3083 474 3143 mulieribus
491 3083 599 3144 duabus
614 3086 642 3142 in
661 3102 714 3143 una
731 3083 815 3142 domo
830 3084 947 3161 parique
963 3081 1075 3141 fortuna
1090 3078 1152 3138 nul-

103 3170 205 3232 estun
220 3177 380 3244 certamen,
401 3167 478 3227 nulla
499 3171 643 3228 contentio
660 3176 714 3227 est.
742 3167 906 3245 Suspiciunt
922 3167 1062 3239 invicem,
1082 3164 1151 3221 invi·

149 3271 212 3312 cem
230 3252 347 3320 cedunt;
370 3269 490 3329 cumque
505 3261 534 3312 te
553 3261 673 3329 utraque
693 3250 862 3310 effusissime
880 3248 994 3326 diligat,
1017 3246 1084 3306 nihil
1101 3264 1152 3306 sua

149 3347 246 3416 putant
262 3337 403 3396 interesse
421 3344 509 3396 utram
523 3346 552 3395 tu
567 3337 657 3411 magis
675 3352 760 3395 ames.
791 3333 870 3393 Idem
886 3334 998 3411 utrique
1019 3332 1152 3410 proposi·

149 3432 223 3498 tum,
247 3420 322 3479 idem
336 3430 420 3480 tenor
433 3420 525 3499 vitae,
541 3418 666 3497 nihilque
681 3436 717 3477 ex
730 3433 786 3496 quo
801 3416 989 3560 ⁸⁸¹¹“”,⁸„dss¹³⁸
1007 3434 1082 3475 esse.
1110 3412 1152 3471 Tc
