2588 4116
313 271 315 276 ,
425 192 686 253 EPISTULARUM
699 193 788 253 Vllll.
813 203 854 255 13.
1080 192 1140 256 181

136 345 202 406 illas
221 363 255 404 an
270 345 365 406 velitis
380 343 503 405 adscribi
517 343 604 422 lacto,
620 347 648 403 in
660 362 716 423 quo
729 363 785 421 ego
798 346 902 405 comite
914 362 970 404 non
982 363 1056 421 egeo
1064 367 1071 414 ;
1090 346 1142 404 sed

136 447 196 490 non
212 431 251 488 ita
264 428 373 506 gloriae
388 445 468 489 meae
483 427 600 488 laverim
616 435 645 486 nt
659 428 741 488 vobis
753 429 891 488 socictate
904 429 965 491 eius
979 428 1140 488 invideam!

137 511 253 573 Perfert
266 512 369 573 Anteia
386 510 528 590 mandata,
556 530 610 572 nec
625 509 690 571 illae
704 519 853 572 morantur.
878 509 1045 590 Opportune
1061 527 1167 582 seua-6

138 607 186 656 tus
208 598 279 655 iutra
299 595 374 655 diem
395 597 515 656 tertium.
551 594 648 654 Omnia
663 612 719 671 ego
735 612 851 674 semper
865 593 900 653 ad
915 592 1069 654 Corellium
1084 603 1142 653 ret·

109 678 202 756 ntuli,
218 697 303 758 quern
317 679 592 758 providentissimum
604 679 704 739 aetatis
718 686 834 738 nostrae
848 678 1141 756 sapientissimumque

139 765 281 840 cognovi:
304 765 331 821 iu
346 762 402 822 hoc
417 772 511 823 tamen
527 772 676 823 contentus
692 759 812 823 consilio
826 777 892 822 meo
906 762 964 836 fui,
982 762 1089 821 veritus
1104 779 1141 820 no

137 855 265 915 vetaret3
288 856 347 906 erat
369 847 443 906 enirn
465 847 641 907 cunctantior
663 847 837 923 cautiorque.
871 843 929 903 Sed
950 862 1005 904 non
1023 845 1140 904 sustinui

136 930 277 989 inducere
292 931 320 988 in
335 932 455 990 animum
471 946 527 1008 quo
541 932 631 990 miuus
645 927 687 988 illi
703 927 805 989 eodem
823 927 868 988 die
887 928 1025 988 iacturum
1039 944 1084 987 me
1099 929 1139 985 in·

138 1013 264 1072 dicarem
289 1013 366 1090 quod
384 1031 419 1071 su
439 1012 565 1073 iacerem
579 1031 636 1073 non
653 1010 860 1088 deliberabam,
883 1020 1020 1090 expertus
1035 1028 1087 1068 usu
1103 1010 1139 1070 de

91 1107 127 1158 10
138 1114 177 1155 eo
194 1096 271 1174 quod
290 1096 476 1156 destinaveris
496 1114 553 1155 non
574 1114 642 1157 esse
665 1093 857 1156 consulendos
880 1096 982 1172 quibus
1004 1092 1139 1154 consultis

138 1180 262 1257 obsequi
278 1177 395 1239 debeas.
416 1177 506 1238 Venio
522 1181 551 1238 iu
566 1188 704 1255 senatum,
720 1181 764 1237 ius
776 1177 887 1238 dicendi
899 1187 980 1255 peto,
993 1176 1058 1237 dico
1073 1192 1166 1255 pau-7

137 1263 230 1342 lisper
241 1263 361 1322 maximo
375 1262 507 1322 adsensu.
536 1262 591 1322 Ubi
609 1263 694 1339 coepi
709 1263 816 1320 crimen
831 1261 981 1336 attingere,
997 1278 1077 1319 reum
1091 1260 1127 1318 de

138 1349 262 1420 stinare,
285 1344 377 1404 adhuc
398 1355 492 1406 tamen
510 1346 572 1404 sine
593 1345 723 1419 nomine,
752 1341 877 1422 undique
890 1337 963 1415 'pribi
983 1341 1139 1400 reclamari.

138 1427 221 1488 Alius
239 1431 372 1488 ‘sciamus
390 1429 453 1507 quis
467 1429 504 1488 sit
522 1426 630 1505 dequo
653 1436 731 1486 entra
754 1424 880 1486 ordinem
901 1425 1043 1492 referas;'
1070 1424 1141 1483 alius

92 1527 128 1579 15
141 1513 218 1590 ‘quis
230 1520 275 1571 est
290 1521 354 1572 ante
368 1511 535 1571 relationem
548 1507 656 1571 reusl'
672 1508 744 1569 alius
760 1507 843 1570 ‘salvi
858 1509 962 1584 simus,
979 1509 1026 1586 qui
1041 1525 1142 1587 super·

141 1598 261 1656 sumus.2
284 1595 376 1655 Audio
396 1595 607 1674 inperturbatus
629 1595 786 1654 interritus:
808 1600 913 1651 tautum
929 1601 1083 1670 susceptae
1098 1592 1166 1661 reis

141 1678 276 1739 honestas
290 1677 368 1739 valet
386 1688 549 1757 tantumque
566 1677 600 1737 ad
621 1677 749 1737 fiduciam
763 1674 811 1735 vel
825 1683 931 1735 metum
944 1675 1038 1736 differt
1052 1673 1141 1735 nolint

141 1761 268 1823 homiues
284 1762 360 1841 quod
375 1762 462 1840 facias
477 1780 512 1821 an
525 1778 581 1821 non
598 1761 731 1840 probent.
758 1758 886 1837 Longum
900 1767 945 1820 est
961 1760 1052 1820 omnia
1067 1776 1140 1836 quae

140 1854 209 1904 tunc
224 1845 289 1905 hinc
310 1845 374 1905 iude
396 1848 469 1906 iacta
489 1854 554 1907 suut
572 1862 736 1906 recensere.
768 1841 930 1903 Novissime
951 1841 1052 1904 consul
1073 1842 1164 1912 ‘Se-9

93 1928 252 2004 necunde,
273 1931 430 1989 sententiae
445 1929 512 1986 loco
528 1928 625 2004 dices,
648 1930 672 1987 si
687 1925 755 2005 quid
769 1926 917 1986 volueris’
948 1927 1138 1986 ‘Permiseris'

140 2014 254 2089 iuquam
264 2010 353 2088 ‘quod
368 2028 460 2087 usque
474 2008 566 2069 adbuc
578 2010 705 2069 omuibus
720 2010 895 2086 permisisti.²
917 2007 1039 2069 Resido:
1055 2027 1140 2085 agun-

141 2104 187 2155 tur
208 2092 270 2152 alia.
302 2091 416 2151 Interim
436 2109 481 2151 me
507 2090 617 2170 qnidam
636 2110 673 2151 ex
694 2089 889 2152 consularibus
910 2093 1006 2151 amicis
1026 2100 1139 2150 secreto
1150 2111 1184 2160 10

141 2185 297 2254 curatoque
317 2191 465 2251 sermone,
491 2176 571 2252 qnasi
590 2175 671 2234 nimis
691 2173 803 2233 fortiter
822 2175 991 2251 incauteque
1006 2191 1140 2251 progres-

141 2278 221 2336 sum,
238 2259 372 2337 corripit,
388 2267 522 2335 revocat,
538 2267 633 2317 monet
648 2266 678 2317 ut
693 2256 845 2333 desistam,
866 2255 951 2316 adicit
966 2258 1049 2316 etiam
1063 2265 1141 2316 uota·

95 2359 133 2411 25
141 2344 228 2403 bilem
241 2361 287 2402 mo
298 2341 398 2401 futuris
410 2342 595 2421 principibus.
619 2339 715 2401 ‘Esto'
731 2342 853 2418 inquam,
869 2338 948 2398 ‘dum
960 2340 1063 2400 malis?
1085 2338 1180 2408 Vix11

142 2425 192 2486 ille
209 2427 391 2503 discesserat,
406 2444 504 2486 rursus
520 2423 592 2485 alter
606 2424 685 2503 ‘quid
699 2420 808 2484 andes?
824 2440 881 2501 quo
896 2420 977 2483 ruis?
994 2423 1095 2500 quibus
1111 2433 1140 2482 te

142 2509 277 2588 periculis
295 2505 406 2570 obicis?
431 2509 497 2587 quid
512 2509 709 2588 praesentibus
732 2505 866 2582 contidis,
888 2509 1013 2567 incertus
1034 2506 1141 2565 luturo·

141 2590 223 2653 rumi
245 2591 366 2652 lacessis
385 2590 526 2652 homiuem
540 2595 594 2654 iam
615 2591 791 2671 preelectum
811 2591 912 2651 aerarii
934 2601 964 2650 et
978 2592 1058 2651 brevi
1074 2608 1140 2651 cou-

143 2674 252 2749 sulem,
269 2683 419 2752 praeterea
434 2693 489 2753 qua
506 2676 611 2753 gratia,
633 2676 734 2754 quibus
749 2674 878 2736 amicitiis
894 2672 1026 2734 iultuml’
1046 2673 1141 2733 Nomi·

97 2767 189 2828 aouat
201 2757 351 2835 quendam,
368 2757 416 2834 qui
431 2766 498 2817 tunc
512 2758 546 2816 ad
558 2761 694 2818 orientem
708 2758 908 2838 amplissimum
920 2759 1075 2819 exercitum
1086 2775 1142 2817 non

143 2843 206 2902 sine
217 2843 325 2919 maguis
343 2839 491 2919 dubiisque
505 2842 662 2902 rumoribus
677 2841 829 2902 obtinebat.
848 2841 894 2901 Ad
909 2841 982 2903 haec
998 2859 1054 2919 ego
1071 2847 1141 2900 ‘om·
1151 2853 1184 2903 12

142 2927 188 2985 uia
202 2926 339 3004 praecepi
355 2923 448 3003 adque
464 2926 556 2984 animo
571 2942 682 2985 mecum
696 2933 760 2986 ante
778 2927 890 3004 peregi,
906 2942 959 2985 noc
976 2943 1097 3001 recuso,
1117 2927 1142 2984 si

142 3011 181 3068 ita
204 3027 287 3069 casus
311 3007 452 3083 attulerit,
481 3005 561 3068 luere
589 3025 695 3085 poenas
717 3009 754 3068 ob
775 3008 1002 3070 honestissimum
1024 3009 1140 3082 lactum,

144 3091 209 3151 dum
232 3092 480 3169 flagitiosissimum
502 3089 648 3152 ulciscor.'
678 3090 736 3151 lam
759 3090 893 3151 censendi
914 3101 1036 3167 tempus.
1065 3090 1142 3148 Dicit
1151 3100 1185 3153 13

101 3186 135 3240 35
143 3174 282 3236 Domitius
301 3173 491 3252 Apollinaris,
514 3173 613 3237 consul
631 3174 810 3252 designatus,
831 3175 898 3234 dicit
917 3172 1063 3232 Fabricius
1085 3172 1142 3229 Ve-

144 3261 238 3335 iento,
258 3257 363 3319 Fabius
383 3256 563 3333 Maximinus,
591 3258 702 3319 Vettius
721 3257 875 3332 Proculus,
901 3254 1015 3332 collega
1033 3253 1142 3313 Publici
1226 3272 1229 3280 ·

144 3341 239 3419 Certi,
262 3341 298 3402 de
313 3359 370 3420 quo
385 3342 537 3420 agebatur,
552 3343 647 3401 uxoris
661 3360 741 3401 meae
756 3357 838 3418 quam
853 3341 999 3398 amiseram
1013 3340 1141 3415 vitricus,

144 3437 210 3505 post
225 3425 279 3486 lros
293 3426 418 3487 Ammius
434 3424 566 3486 Flaccus.
590 3424 695 3486 Omnes
708 3423 825 3484 Certum
838 3422 960 3483 nondum
971 3441 987 3482 a
997 3441 1042 3483 me
1054 3425 1141 3483 nomi-
