2588 4116
622 212 657 277 ὓ.
679 212 776 274 ruint

652 365 729 426 vlll.

387 467 414 517 o.
433 465 558 517 ruinius
576 465 710 516 maruno
729 464 875 515 noniano
895 462 955 514 suo
974 461 999 512 s.
1043 449 1046 456 '

169 599 185 649 1
262 583 415 644 Gratularis
436 583 503 642 mihi
524 581 599 660 quod
620 585 781 658 acceperim
797 589 970 657 auguratum.
998 577 1062 637 Iure
1078 580 1201 655 gratula-

193 669 251 745 ris,
274 671 409 745 primum,
433 667 508 743 quod
531 667 689 743 gravissimi
705 667 840 742 principis
856 664 990 723 iudicium
1005 663 1032 720 in
1045 664 1199 724 minorihus

194 753 280 811 etiam
297 752 383 810 rebus
402 752 540 828 consequi
556 749 706 826 pulchrum
716 758 773 825 est,
792 748 905 823 deinde,
922 746 998 825 quod
1009 746 1222 806 sacerdotium5

196 837 291 912 ipsum
315 853 377 893 eum
401 835 525 910 priscum
552 843 581 893 et
600 831 767 910 religiosum
787 841 845 890 tum
867 832 923 890 hoc
946 846 1060 908 quoque
1089 849 1200 891 sacrum

169 918 284 997 aplane
309 928 338 978 et
363 919 476 994 insigne
498 927 543 977 est
571 916 648 994 quod
673 932 729 974 non
755 915 884 974 adimitur
907 915 1023 973 viventi.
1057 912 1128 972 Nam
1148 914 1201 974 alia

197 1019 364 1080 quamquam
383 1000 518 1077 dignitato
533 999 740 1078 propemodum
753 1001 831 1078 paria
845 1007 875 1057 ut
891 998 1050 1058 tribuuntur
1065 1000 1107 1058 sio
1123 999 1200 1058 auio·

168 1094 312 1160 uruntur,
338 1087 366 1143 iu
386 1083 443 1143 hoc
466 1083 595 1143 fortunae
619 1083 756 1143 hactenus
780 1082 849 1142 licet
871 1091 903 1141 ut
926 1081 984 1140 dari
1003 1084 1103 1158 possit.
1134 1081 1201 1141 Mihi

195 1186 265 1228 vero
286 1167 356 1227 illud
381 1170 464 1227 etiarn
485 1166 673 1244 gratulatione
698 1167 811 1243 dignum
831 1165 943 1224 videtur
972 1164 1047 1243 quod
1071 1169 1200 1226 successi
1209 1181 1242 1234 10

195 1250 268 1312 lulio
284 1251 432 1328 Frontino,
450 1253 572 1331 principi
587 1253 661 1327 viro,
679 1253 726 1328 qui
741 1269 786 1309 me
803 1251 999 1309 nominationis
1018 1248 1063 1308 die
1079 1268 1131 1327 per
1148 1251 1200 1310 hos

195 1338 345 1396 continuos
366 1353 454 1395 annos
475 1338 550 1395 inter
574 1334 730 1394 sacerdotis
752 1334 929 1410 nominabat,
954 1343 1092 1410 tamquam
1114 1336 1142 1392 in
1159 1334 1200 1392 lo·

196 1438 259 1479 cum
281 1438 363 1481 suum
384 1427 549 1497 cooptaret;
576 1417 653 1497 quod
674 1436 747 1477 nunc
768 1427 889 1477 eventus
909 1419 946 1476 ita
968 1418 1154 1492 conprobavit
1171 1427 1201 1477 ut

169 1514 254 1566 4non
269 1504 415 1563 fortuitum
429 1502 581 1561 videretur.
613 1500 653 1560 Te
668 1501 797 1580 quidem,
813 1511 844 1560 ut
860 1501 973 1576 scribis,
989 1501 1027 1559 oh
1043 1500 1098 1558 hoe
1114 1505 1200 1560 maxi·

196 1605 242 1647 me
260 1586 384 1646 deiectat
399 1593 552 1662 auguratus
573 1603 654 1645 meus
671 1585 747 1662 quod
765 1583 803 1643 M.
823 1582 933 1644 Tullius
948 1601 1037 1661 augur
1051 1583 1111 1643 iuit.
1131 1585 1240 1645 Lae-15

198 1672 265 1731 taris
287 1671 362 1729 enim
378 1669 455 1747 quod
471 1669 627 1728 honoribus
652 1671 713 1729 eius
734 1670 860 1729 insistam
882 1686 967 1745 quem
987 1668 1121 1728 aemulari
1143 1679 1200 1727 stu·

169 1752 251 1817 odiis
268 1755 363 1830 cupio.
397 1753 456 1812 Sed
470 1755 591 1828 utinam,
612 1762 642 1812 ut
659 1751 848 1811 sacerdotium
866 1750 957 1827 idern,
976 1761 1008 1810 ut
1024 1751 1200 1812 consulatum

196 1836 284 1895 multo
300 1837 383 1894 etiarn
397 1838 526 1895 iuvenior
541 1855 624 1914 quam
637 1835 686 1895 iile
704 1853 766 1896 sum
782 1845 973 1912 consecutus,
989 1837 1027 1895 ita
1042 1855 1130 1895 senex
1147 1835 1200 1896 sal·

166 1930 183 1984 6
197 1929 255 1979 tem
272 1921 414 1996 ingenium
430 1922 491 1981 eius
507 1919 600 1998 aliqua
616 1930 747 1996 exparte
764 1920 881 1998 adsequi
898 1918 1028 1996 possem!
1050 1919 1108 1978 Sed
1122 1923 1200 1978 nimi·

196 2021 275 2081 rum,
297 2013 450 2081 quaesunt
471 2007 499 2064 iu
515 2022 596 2063 mauu
611 2003 753 2063 hominum
772 2013 802 2062 et
822 2004 888 2061 mihi
906 2013 935 2063 et
957 2002 1050 2063 multis
1073 2005 1242 2081 contige-20

196 2096 272 2164 runt,
289 2086 359 2146 illud
374 2106 445 2148 vero
456 2099 486 2149 ut
502 2089 593 2167 apisci
608 2087 724 2147 arduum
739 2089 780 2148 sic
796 2089 879 2147 etiarn
894 2105 1011 2166 sperare
1026 2087 1141 2146 nimium
1155 2097 1199 2147 est

196 2171 272 2248 quod
291 2172 350 2231 dari
365 2172 487 2233 nonnisi
502 2191 518 2232 a
536 2171 589 2232 diis
604 2181 711 2251 potest.
742 2170 823 2247 tate.

649 2321 740 2381 VIIII.

409 2418 436 2468 O.
456 2420 580 2470 PLINIUS
597 2416 753 2468 CORNELIO
773 2414 855 2465 URSO
872 2413 931 2463 SUO
950 2412 975 2465 S.
1206 2465 1241 2515 25

92 2570 95 2575 >
172 2550 187 2601 1
260 2538 379 2599 Causam
395 2553 449 2612 per
467 2535 521 2596 hos
536 2535 598 2594 dies
614 2534 682 2593 dixit
698 2530 786 2590 lulius
801 2531 917 2606 Bassus,
932 2529 1017 2590 homo
1037 2529 1196 2592 laboriosus

195 2633 225 2681 et
239 2621 366 2680 adversis
382 2619 441 2677 suis
457 2616 559 2676 clarus.
581 2617 741 2676 Accusatus
758 2624 803 2674 est
817 2614 869 2675 sub
883 2613 1060 2693 Vespasiano
1075 2618 1197 2694 apriva·

193 2707 230 2765 tis
252 2702 379 2776 duobus,
404 2698 440 2757 ad
454 2709 582 2759 senatum
595 2700 731 2758 remissus
748 2699 794 2758 diu
809 2697 963 2777 pependit,
988 2699 1099 2759 tandem
1113 2701 1196 2759 ahso-

168 2787 270 2848 2iutus
285 2783 511 2859 vindicatusque.
537 2781 629 2842 Titum
648 2784 737 2842 timuit
754 2792 785 2843 ut
799 2782 949 2843 Domitiani
967 2785 1090 2859 amicus,
1108 2783 1196 2845 aDo-

193 2870 306 2927 mitiano
326 2864 473 2940 relegatus
496 2874 557 2925 est:
583 2874 736 2927 revocatus
754 2886 770 2926 a
786 2866 882 2927 Nerva
905 2869 1079 2944 sortitusque
1100 2867 1239 2942 Bithy-30

192 2953 266 3010 niam
287 2949 372 3008 rediit
393 2966 477 3026 reus,
495 2959 646 3010 accusatus
667 2969 723 3010 non
743 2953 833 3011 miuus
853 2953 958 3011 acriter
978 2969 1060 3029 quam
1075 2951 1197 3010 fideliter

192 3031 338 3093 deieusus.
364 3030 464 3092 Varias
480 3035 636 3094 sententias
657 3034 770 3112 habuit,
789 3034 888 3114 piures
903 3044 996 3094 tamen
1011 3036 1090 3113 quasi
1106 3037 1196 3094 mitio·

168 3125 251 3180 3res.
282 3114 350 3193 Egit
365 3124 464 3176 contra
479 3135 544 3176 eum
559 3117 729 3197 Pomponius
744 3117 852 3196 Rufus,
875 3121 918 3178 vir
933 3129 1046 3197 paratus
1063 3128 1092 3177 et
1109 3119 1195 3178 vehe-

192 3218 286 3260 mens:
302 3199 378 3259 Ruio
392 3203 536 3263 successit
552 3200 753 3281 Theophanes,
770 3222 840 3263 unus
857 3220 894 3261 cx
909 3202 1028 3280 legatis,
1045 3202 1092 3261 iax
1111 3221 1195 3262 accu-

166 3285 311 3344 4satioois
329 3292 358 3344 et
374 3286 465 3361 origo.
491 3283 639 3364 Respondi
654 3304 721 3364 ego.
751 3285 820 3345 Nam
835 3285 900 3344 mihi
916 3285 1020 3346 Bassus
1037 3287 1236 3346 iniunxerat35

190 3376 220 3425 ut
241 3369 328 3428 totius
351 3367 525 3430 defensionis
546 3369 724 3430 fundamenta
741 3371 883 3446 iacerem,
909 3369 1035 3429 dicerem
1056 3369 1091 3427 de
1114 3386 1193 3428 erna-

191 3452 293 3510 mentis
315 3452 393 3528 suis,
417 3469 489 3529 quae
513 3450 554 3511 illi
571 3463 601 3512 et
621 3472 658 3512 ex
678 3455 793 3529 generis
818 3451 942 3512 claritate
961 3462 1041 3511 etex
1057 3451 1193 3529 perieulis

71 3658 169 3816 ἱ
