2588 4116
116 217 137 277 ἲ
542 218 576 278 G.
600 215 697 276 rm]

117 368 340 431 contubernales
358 372 395 430 ab
412 369 537 431 editione
551 386 609 427 uon
621 367 794 443 abliorrere,
809 370 835 429 si
851 369 936 429 modo
951 380 982 428 tu
995 370 1117 431 lortusse

91 454 209 511 terrori
223 450 326 515 nostro
335 454 429 515 album
440 451 580 513 caleulum
593 450 744 512 adieceris.
764 451 818 512 Est
830 455 905 511 enim
916 453 1000 531 plene
1014 453 1118 532 aliquid

115 534 276 615 edendum,
303 548 390 618 atque
410 540 513 597 utinam
535 534 591 594 hoe
614 538 792 613 potissimum
811 536 889 614 quod
909 546 1035 614 paratum
1060 538 1118 597 est!

116 617 214 697 (ands
226 622 352 683 desidiae
362 620 473 697 uotum)
484 618 625 678 edendum
639 627 733 678 autem
745 619 924 697 expluribus
939 623 1044 683 causis
1061 640 1119 678 ma·

115 705 192 764 xime
217 706 293 783 quod
311 702 403 762 libelli
426 719 499 780 quos
525 703 669 762 emisimus
690 702 822 763 dicuntur
837 706 867 762 in
886 705 1015 763 manibus
1035 712 1141 777 ossei

116 791 243 865 quamvis
259 789 313 846 iam
327 788 444 863 gratiam
457 788 591 846 novitatis
605 788 750 847 exuerint:
770 789 824 847 nisi
838 797 931 847 nmen
942 788 1056 846 auribus
1067 806 1117 846 no·

115 874 182 930 stris
198 868 371 948 bibliopolae
385 867 572 929 blandiuntur.
609 870 668 929 Sed
684 889 753 929 sane
767 870 960 933 blandiantur.
984 871 1049 929 dum
1065 890 1119 950 per

114 953 171 1012 boc
185 952 360 1013 mendacium
372 953 455 1013 nobis
473 954 565 1013 studia
577 962 676 1012 nostra
690 954 897 1015 commendent.
930 954 1011 1013 l'ale.

582 1087 633 1148 111.

348 1184 377 1233 c.
394 1184 519 1234 anisius
535 1186 666 1236 enutio
685 1187 770 1237 niro
788 1186 847 1236 sto
864 1186 888 1234 s.
1126 1124 1156 1173 ¹⁰

91 1295 107 1347 1
178 1280 254 1354 Quid
270 1284 328 1359 agit
346 1279 482 1359 Comum
497 1295 563 1345 tuae
580 1304 719 1365 meaeque
733 1282 875 1346 uentae?
895 1285 962 1363 qnid
978 1285 1115 1345 suburba-

112 1383 177 1424 num
197 1364 448 1427 amoenissimum?
474 1368 541 1446 quid
561 1369 609 1428 illa
629 1372 759 1449 porticus
776 1387 864 1430 uerna
883 1366 1022 1447 semper?
1049 1371 1115 1447 quid

111 1449 246 1528 platanon
261 1448 473 1528 opacissimus?
494 1451 561 1529 quid
571 1453 697 1530 Euripus
711 1453 810 1512 viridis
823 1462 853 1512 et
864 1449 1034 1528 gemmeus?
1049 1454 1115 1530 quid

111 1533 260 1593 subiectus
277 1542 306 1591 et
326 1535 457 1592 seruiens
478 1532 579 1593 lacus?
600 1535 668 1613 quid
687 1535 736 1594 illa
755 1534 850 1593 mollis
865 1544 894 1593 et
916 1544 1009 1593 tamen
1023 1536 1114 1595 solida
1126 1542 1156 1591 15

110 1612 258 1695 gestatio?
276 1615 344 1694 quid
362 1615 504 1675 balineum
523 1615 609 1693 illud,
639 1618 716 1695 quod
736 1616 873 1695 plurimus
896 1614 942 1675 sol
962 1617 1061 1694 implet
1085 1631 1114 1678 et

112 1696 263 1761 circumit?
279 1698 346 1777 quid
360 1698 482 1758 triclinia
495 1699 543 1759 illa
559 1700 717 1779 popularia,
729 1696 960 1778 illapaueorum'?
982 1702 1048 1778 quid
1065 1721 1113 1761 eu·

111 1783 205 1844 bicula
222 1782 319 1842 diurna
335 1779 495 1841 nocturna?
515 1783 665 1844 Possident
679 1795 709 1843 te
724 1794 754 1843 et
770 1786 921 1862 pervices
938 1784 1114 1862 partientur?

85 1878 163 1943 tan,
183 1876 213 1926 ut
229 1865 361 1940 solebas,
383 1868 540 1926 intentione
558 1870 601 1928 rei
617 1867 760 1928 familiaris
773 1867 922 1928 obeundae
939 1868 1048 1928 crebris
1064 1889 1115 1928 ex·

111 1950 290 2011 cursiouibus
304 1947 455 2009 avocatis?
476 1951 507 2009 st
522 1961 552 2010 te
570 1952 737 2030 possident‚
757 1952 829 2012 lelix
843 1952 1004 2030 beatusque
1019 1972 1069 2013 es:
1090 1958 1156 2016 sido

87 2037 214 2109 dminus,
229 2052 301 2093 unus
315 2051 354 2092 ex
367 2032 472 2094 multis.
507 2033 582 2107 Quin
592 2045 622 2094 tu
637 2036 767 2116 (tempus
782 2046 827 2096 est
842 2037 932 2113 euim)
948 2035 1067 2095 humiles
1085 2048 1114 2095 et

109 2117 239 2178 sordidas
263 2135 346 2177 curas
366 2116 429 2177 aliis
446 2119 560 2180 mandas
581 2130 610 2179 et
630 2123 695 2199 ipse
714 2131 744 2180 te
762 2122 791 2179 in
813 2120 871 2179 alto
886 2122 942 2180 isto
959 2123 1112 2198 pinguique

109 2220 232 2263 secessu
252 2201 353 2262 studiis
373 2200 505 2263 adseris?
526 2203 588 2263 lloc
610 2206 647 2264 sit
668 2206 816 2281 negotium
830 2214 923 2275 tuum,
941 2204 997 2263 hoe
1014 2206 1112 2279 otium,

108 2285 157 2346 bie
173 2286 271 2362 labor,
287 2285 359 2346 haec
375 2289 474 2365 quies:
493 2289 522 2346 in
537 2287 582 2347 lais
599 2288 713 2364 uigilia,
728 2290 758 2344 in
773 2287 817 2346 liis
833 2290 917 2346 etiam
936 2305 1051 2347 somnus
1067 2307 1110 2346 re-

86 2380 238 2447 tponatur.
273 2368 388 2445 Effinge
413 2369 519 2448 aliquid
537 2381 566 2429 et
586 2368 697 2428 exeude
715 2369 792 2447 quod
815 2371 852 2428 sit
870 2378 1012 2447 perpetuo
1026 2378 1156 2430 tuumiu

107 2452 181 2512 llam
194 2452 304 2530 reliqua
320 2470 414 2510 rerum
430 2462 539 2511 tuarum
553 2463 619 2532 post
632 2462 662 2512 te
676 2451 760 2511 alium
772 2461 858 2530 atque
873 2450 957 2511 alium
971 2452 1113 2515 dominum

109 2537 274 2611 sortientur,
289 2535 345 2593 hoc
362 2553 510 2613 numquam
521 2544 598 2594 tuum
610 2534 722 2596 desinet
734 2555 814 2611 esse,
832 2539 856 2597 si
868 2537 959 2597 semel
970 2543 1108 2617 eoeperit.

87 2621 181 2681 sseio
198 2636 283 2698 quem
297 2620 436 2693 animum,
458 2618 535 2696 quod
549 2618 649 2679 horter
660 2622 812 2696 ingenium.
842 2619 885 2679 Tu
900 2622 984 2682 modo
1001 2624 1110 2682 enitere

108 2713 138 2762 ut
153 2704 204 2762 tibi
219 2705 283 2781 ipse
298 2703 339 2761 sis
354 2702 422 2760 unci
439 2705 534 2780 quanti
543 2703 688 2763 videberis
699 2702 762 2763 aliis
779 2707 804 2764 si
818 2706 869 2765 tibi
885 2706 983 2766 fueris.
1015 2704 1095 2765 b'ale.

246 2933 274 2982 C.
292 2934 416 2984 Purxtts
434 2935 598 2986 Ponam
613 2937 797 2987 CELERINAE
816 2937 930 2988 souitu
946 2937 972 2989 S.

84 3049 99 3099 1
173 3033 314 3108 Quantum
331 3037 476 3113 copiarum
491 3038 521 3096 in
535 3035 724 3113 Ocriculano,
738 3038 767 3096 in
782 3035 948 3101 Narniensi.
964 3039 993 3097 in
1008 3035 1111 3097 Carsu-

107 3119 184 3196 lano,
199 3121 228 3177 in
243 3117 380 3178 Perusino
395 3120 459 3180 tuo!
483 3123 513 3180 in
527 3119 677 3182 Narniensi
696 3139 767 3180 uero
782 3122 866 3181 etiam
884 3120 1033 3181 balineum.
1064 3118 1112 3179 Ex

108 3202 239 3282 epistulis
260 3206 332 3263 meis
353 3204 432 3282 (nam
453 3206 508 3263 iam
525 3209 582 3266 tuis
599 3224 672 3285 opus
685 3223 743 3265 non
759 3204 821 3283 est)
836 3223 891 3263 una
906 3204 953 3263 illa
968 3205 1065 3265 brevis
1081 3213 1156 3268 stou

83 3298 191 3350 anetus
210 3287 325 3348 sufficit.
360 3286 424 3346 Non
441 3307 486 3349 me
506 3289 630 3351 Hercule
645 3300 701 3350 tam
716 3307 779 3350 mea
792 3299 857 3349 suut
876 3306 948 3366 quae
964 3306 1027 3347 meu
1044 3299 1110 3347 sunt

108 3391 192 3450 quarn
205 3391 278 3450 quae
293 3381 354 3431 tua:
372 3372 533 3434 hortamen
549 3373 698 3449 differunt,
716 3373 794 3453 quot
810 3371 961 3434 sollicitius
975 3380 1004 3431 et
1018 3373 1109 3429 inten-

86 3458 165 3518 3tius
183 3459 223 3515 tui
239 3475 283 3516 me
302 3475 384 3535 quam
399 3460 454 3518 mei
467 3460 620 3537 excipiunt.
641 3457 720 3518 ldem
733 3457 856 3519 fortasse
870 3456 984 3555 eueniet
1000 3455 1069 3527 titi,
1085 3457 1111 3515 si

12 3680 82 3776 h
