2588 4116
350 254 612 316 EPISTULARUM
627 257 662 314 V.
682 268 726 319 ao.
744 259 861 336 21.(9.)
1048 258 1108 322 107

12 473 22 485 ,
99 406 222 467 dationis
236 415 264 466 et
281 406 401 468 detrahit
414 417 444 467 et
458 406 549 467 adfert
564 410 709 484 memoria,
725 426 791 484 vox,
807 419 919 486 gestus,
937 420 1050 487 tempus
1066 412 1108 489 ip·

101 508 181 566 sum,
206 499 355 569 postremo
370 491 418 551 vel
434 508 513 550 amor
528 490 575 551 vel
594 491 688 549 odium
701 494 760 551 rei:
787 492 860 551 liber
876 494 1010 570 eliensis,
1035 493 1109 553 liber

100 574 209 651 gratia,
227 572 302 633 liber
318 584 346 634 et
360 573 494 635 secundis
510 575 622 633 casibus
639 585 667 635 et
682 575 810 635 adversis
831 586 918 636 caret.
950 575 1133 655 Responditl

101 657 169 717 milri
184 656 321 717 Fonteius
336 657 466 735 Magnus,
482 676 554 717 unus
571 677 607 716 ex
622 657 761 735 Bithynis,
777 658 905 736 plurimis
916 661 1023 737 verbis,
1040 678 1108 739 pau-

73 741 227 804 5cissimis
244 741 342 802 rebus.
370 740 423 802 Est
437 739 584 820 plerisque
603 739 793 817 Graecorum,
817 751 846 802 ut
868 743 927 820 illi,
953 746 1106 822 procopia

99 823 280 884 volubilitas:
300 834 355 884 tam
369 824 470 902 longas
488 833 601 902 tamque
623 825 738 902 frigidas
757 826 910 903 perihodos
933 843 989 886 uno
1007 828 1107 906 spiritu

101 909 183 987 quasi
198 917 326 968 torrente
349 917 546 986 contorquent.
581 908 679 987 ltaque
694 909 782 969 lulius
799 907 940 969 Candidus
959 928 1015 970 non
1030 913 1131 970 inve-5

100 1001 185 1052 ruste
206 991 283 1052 solet
304 991 402 1053 dicere
417 991 573 1052 aliudesse
596 991 805 1071 eloquentiam,
828 992 902 1052 aliud
924 994 1105 1073 loquentiam.

101 1074 173 1136 Nam
189 1075 352 1153 eloquentia
366 1078 415 1135 vix
428 1077 476 1133 uni
491 1085 538 1135 aut
553 1074 651 1152 alteri,
667 1080 767 1154 immo,
786 1078 810 1136 si
824 1075 863 1136 Μ.
876 1078 999 1138 Antonio
1017 1078 1106 1137 credi-

59 1175 181 1236 10mus,
204 1160 325 1235 nemini,
348 1159 420 1219 haec
439 1176 509 1218 vero
532 1176 614 1236 quam
629 1158 769 1221 Candidus
788 1159 961 1238 loquentiam
981 1161 1107 1240 appellat

101 1240 196 1302 multis
222 1241 315 1320 adque
337 1243 419 1301 etiam
445 1242 680 1320 inpudentissima
703 1247 806 1322 cuique
834 1246 953 1303 maxime
978 1247 1104 1321 contigit.

101 1324 223 1386 Postero
246 1325 291 1385 die
309 1324 378 1384 dixit
397 1342 451 1404 pro
465 1324 579 1385 Vareno
600 1324 748 1386 Homullus
770 1325 874 1385 callide
890 1329 995 1386 acriter
1017 1327 1129 1402 culte,6

102 1419 201 1468 contra
215 1407 349 1485 Nigrinus
363 1427 466 1487 presse
478 1411 603 1486 grauiter
618 1418 724 1469 emate.
747 1407 865 1470 Censuit
876 1408 987 1470 Acilius
1003 1408 1105 1485 nurus,

102 1491 203 1553 consul
219 1492 402 1569 designatus,
418 1493 628 1570 inquisitionem
642 1492 769 1568 Bithynis
786 1492 916 1553 dandam:
939 1492 1106 1571 postulatio·

60 1586 92 1637 15
102 1594 168 1635 nem
181 1575 285 1636 Vareni
300 1576 415 1636 silentio
431 1577 586 1653 praeteriit.
614 1576 693 1637 llaec
709 1576 797 1636 forma
812 1576 933 1654 negandi
948 1577 1011 1636 fuit.
1035 1574 1128 1636 Cor-7

101 1658 194 1720 nelius
213 1658 328 1720 Priscus
351 1659 507 1720 consularis
529 1669 557 1720 et
580 1661 792 1720 accusatoribus
818 1679 890 1739 quae
916 1660 1051 1738 petebant
1077 1669 1105 1720 et

100 1760 153 1803 reo
168 1743 274 1820 tribuit,
292 1744 419 1822 vicitque
433 1761 560 1803 numero.
581 1743 795 1822 Impetravimus
809 1762 870 1804 rem
883 1763 938 1804 nec
953 1744 1021 1821 lege
1038 1762 1105 1804 con·

100 1827 272 1905 prehensam
288 1845 342 1887 nec
364 1829 431 1887 satis
449 1829 595 1905 usitatam,
622 1831 722 1888 iustam
743 1838 844 1888 tamen.
877 1827 971 1902 Quare
993 1830 1129 1904 iustam,8

100 1927 158 1970 non
171 1928 233 1970 sum
248 1910 370 1988 epistula
385 1921 583 1988 exsecuturus,
601 1920 630 1970 ut
646 1910 795 1972 desideres
814 1913 965 1971 actionem.
995 1910 1065 1971 Nam
1082 1913 1105 1970 si

55 2005 201 2058 noverum
216 2005 260 2054 est
276 1993 456 2054 Homericum
471 1994 541 2054 illud

188 2071 250 2173 τὴν
262 2071 325 2176 γὰρ
337 2068 457 2175 ἀοιδὴν
471 2077 623 2172 μᾶλλον
610 2067 815 2137 ἐπικλείουσ’
829 2068 1019 2155 ἅνθρωποι,

187 2150 209 2239 ἥ
227 2179 275 2231 τις
287 2151 505 2222 ἀκουόντεσσι
517 2154 664 2238 νεωτάτη
676 2151 910 2238 ἀμφιπέληται,

99 2242 308 2324 providendum
322 2254 367 2305 est
380 2245 447 2304 mihi
463 2264 498 2305 ne
513 2246 629 2322 gratiam
644 2245 775 2304 novitatis
790 2253 818 2303 et
830 2243 940 2318 dorem,
960 2261 1031 2320 quae
1044 2259 1105 2300 ora-

98 2327 255 2387 tiunculam
269 2327 346 2388 illam
360 2329 407 2388 vel
422 2331 540 2388 maxime
559 2327 752 2405 commendat,
776 2324 916 2405 epistulae
932 2288 1105 2404 loquacitate

54 2428 296 2491 aspraecerpam.
332 2411 414 2472 Vale.

498 2545 574 2606 xxr.
592 2544 707 2624 [virui]

357 2643 383 2694 G.
404 2644 530 2695 PLINIUS
547 2643 728 2694 SATURNINO
747 2643 807 2694 SUO
828 2643 853 2693 S.

165 2744 249 2804 Varie
270 2763 316 2804 me
332 2745 499 2805 adiecerunt
519 2744 631 2805 litterae
654 2755 735 2805 tuae:
759 2761 822 2803 nam
843 2745 942 2822 partim
955 2742 1028 2803 laeta
1043 2757 1127 2820 par-1

52 2829 150 2898 sotim
170 2829 259 2888 tristia
277 2830 472 2889 continebant:
501 2828 590 2906 laeta,
616 2829 692 2906 quod
711 2838 739 2888 te
761 2831 789 2887 in
804 2829 874 2888 urbe
894 2828 985 2887 teneri
999 2829 1106 2885 nuntia·

99 2913 183 2981 bant;
200 2910 330 2971 ‘nollem’
349 2914 458 2991 inquis,
481 2912 533 2971 sed
551 2929 607 2990 ego
622 2911 705 2971 volo:
727 2921 892 2990 praetcrea,
913 2910 988 2989 quod
1004 2911 1108 2969 recita-

100 3005 194 3054 turum
208 2997 300 3054 statim
315 3004 345 3056 ut
359 2998 503 3061 venissem
515 2995 738 3071 pollicebantur;
763 3013 818 3073 ago
835 2995 940 3072 gratias
963 2992 1040 3071 quod
1056 3011 1105 3051 ex-

102 3086 214 3156 pector.
246 3077 340 3140 Triste
360 3078 429 3138 illud
451 3079 527 3158 quod
542 3078 629 3139 lulius
643 3077 749 3140 Valens
764 3081 888 3157 graviter
904 3077 994 3143 iacet;
1012 3093 1106 3152 quam·
1113 3088 1130 3137 2

101 3178 185 3240 quam
205 3179 242 3220 ne
265 3163 322 3222 lroc
343 3162 456 3241 quidem
474 3163 572 3239 triste,
599 3165 624 3224 si
645 3162 721 3222 illius
744 3161 909 3222 utilitatibus
931 3159 1105 3232 aestimetur,

54 3247 183 3308 35cuius
203 3247 323 3306 interest
344 3263 426 3344 quam
448 3248 634 3306 maturissime
654 3244 848 3323 inexplicabili
865 3241 965 3301 morbo
982 3240 1105 3299 liberari.

100 3328 175 3388 lllud
190 3328 274 3406 plane
290 3346 346 3389 non
361 3330 441 3389 triste
458 3329 550 3389 solum
564 3346 663 3390 verum
679 3331 762 3389 etiam
777 3328 940 3387 luctuosum
962 3322 1039 3402 quod
1059 3322 1104 3382 lu·
1112 3333 1128 3385 3

99 3411 155 3472 lius
171 3410 271 3472 Avitus
287 3412 423 3490 decessit,
440 3412 504 3472 dum
523 3432 560 3473 ex
575 3422 726 3491 quaestura
740 3411 830 3487 redit,
847 3410 995 3468 decessit
987 3427 1015 3467 rn
1030 3408 1105 3482 navi,

100 3496 203 3575 procul
219 3496 333 3557 alratre
349 3499 550 3573 amantissimo,
565 3496 667 3569 procul
678 3515 695 3556 a
708 3504 808 3573 matre,
824 3512 840 3554 a
854 3493 1009 3555 sororibus
1031 3489 1133 3551 Nihilo

1102 3746 1256 3880 Γ·
