2588 4116
181 252 243 314 266
605 247 636 308 C.
660 247 756 307 PLlNl

181 420 243 461 nam
266 411 295 461 et
319 402 429 460 restitui
452 401 603 479 oportebat
623 419 696 478 quos
717 400 869 459 sustulerat
888 398 980 459 malus
1002 401 1142 478 princeps
1162 408 1187 460 ct

180 484 242 545 tolli
257 487 413 544 restitutos.
451 484 482 542 ln
498 487 531 543 iis
550 487 623 543 enim
637 503 709 561 qnae
724 484 832 543 amalis
849 483 925 542 benc
941 483 1012 545 liunt
1028 484 1079 542 bic
1096 495 1185 544 tenen·

181 569 233 629 dus
250 580 295 629 est
310 568 409 628 modus
425 578 454 627 ut
470 578 605 647 appareat
619 579 765 627 auctorem
779 566 983 645 displicuisse,
1000 584 1064 626 non
1079 567 1184 629 iactum.

179 652 258 714 ldem
279 669 350 729 ergo
365 651 488 729 populus
505 651 554 711 ille
571 651 721 727 aliquando
736 651 860 711 scaenici
877 651 1064 727 imperatoris
1081 661 1185 729 specta·

180 747 226 796 tor
242 745 271 795 et
286 735 418 812 plausor,
434 753 508 793 nunc
519 737 546 792 in
559 737 734 813 pantomimis
747 751 862 812 quoque
874 743 1025 794 aversatur
1038 744 1069 794 et
1082 735 1200 796 damnatt

180 821 357 879 effeminatas
375 827 450 877 artes
467 828 495 877 et
515 819 650 877 indecora
666 817 783 877 saeculo
800 816 900 878 studia.
934 815 983 877 Ex
999 836 1061 894 quo
1076 818 1183 877 manile-

180 913 254 962 stum
271 912 316 960 est
327 903 484 979 principum
496 901 672 979 disciplinam
685 919 789 979 capere
803 903 886 959 etiarn
898 899 1023 978 vulgus,
1045 919 1110 961 cum
1120 919 1183 978 ram,

179 987 204 1046 si
220 985 255 1042 ab
271 1002 328 1043 uno
344 983 410 1059 liat,
426 986 636 1044 severissimam
651 986 773 1044 iecerint
786 1002 895 1044 omnes.
915 982 1013 1044 Macte
1029 984 1086 1045 bac
1099 987 1183 1063 gravi·

179 1069 245 1127 tatis
261 1067 367 1144 gloria,
392 1067 512 1143 Caesar,
535 1087 589 1144 qua
611 1077 784 1128 consecutus
806 1087 839 1127 es
855 1078 885 1128 ut
905 1066 983 1145 quud
999 1078 1085 1128 antea
1101 1071 1144 1129 ris
1159 1077 1184 1127 et

179 1154 327 1229 imperium
339 1170 414 1210 nunc
428 1167 523 1210 mores
538 1162 717 1211 vocarentur.
753 1149 971 1227 castigaverunt
984 1154 1056 1211 vitia
1070 1171 1121 1211 sua
1135 1153 1182 1230 ipsi
1190 1165 1210 1216 n

181 1238 228 1313 qui
244 1236 375 1312 castigari
387 1235 583 1311 merebantur,
598 1235 739 1311 iidemque
752 1235 949 1294 emendatores
962 1237 1012 1312 qui
1025 1235 1183 1295 emendandi

180 1318 302 1378 luerunt.
337 1318 437 1397 ltaque
458 1335 542 1378 nemo
559 1317 594 1377 de
610 1322 764 1378 severitate
787 1328 834 1376 tua
849 1320 994 1395 queritur,
1025 1328 1056 1379 et
1070 1318 1181 1378 liberum

181 1414 226 1464 est
244 1404 335 1481 queri.
363 1402 422 1463 Sed
435 1420 497 1460 cum
514 1405 550 1462 ita
567 1413 748 1481 conparatum
765 1403 801 1461 sit
816 1411 847 1460 ut
861 1401 896 1461 de
908 1400 988 1461 nullo
1004 1402 1100 1462 minus
1115 1404 1180 1482 prin-

181 1489 245 1564 cipe
263 1496 415 1563 querantur
426 1486 556 1545 bomines
572 1504 653 1563 quam
667 1486 773 1563 dequo
788 1486 906 1544 maxime
919 1484 1007 1561 licet,
1026 1494 1077 1546 tuo
1088 1488 1116 1545 in
1127 1504 1180 1545 sae·

181 1570 247 1628 culo
271 1567 341 1626 nibil
364 1579 408 1627 est
430 1586 485 1647 quo
501 1587 558 1627 non
575 1587 656 1628 omne
673 1569 815 1629 hominum
829 1587 921 1645 genus
936 1567 1063 1628 laetetur
1078 1579 1107 1630 et
1120 1571 1208 1646 gau-15

181 1653 256 1712 deat.
286 1652 357 1710 Boni
373 1652 582 1730 provehuntur,
607 1651 687 1729 mali,
712 1655 759 1731 qui
776 1661 820 1711 est
836 1651 1086 1730 tranquillissimus
1100 1662 1179 1712 status

181 1737 319 1809 civitatis,
335 1753 390 1792 nec
406 1737 503 1793 timent
519 1753 574 1793 nec
589 1738 731 1794 timentur.
758 1734 883 1794 lllederis
899 1736 1065 1813 erroribus,
1081 1735 1132 1796 sed
1145 1738 1180 1793 in·

179 1816 372 1895 plorantibus,
396 1819 584 1895 omnibusque
601 1836 674 1896 quos
692 1818 783 1878 bonos
804 1819 874 1878 lacis
899 1818 972 1878 hanc
991 1819 1112 1879 adstruis
1128 1818 1178 1878 lau-

180 1900 243 1958 dem
258 1918 294 1959 ne
311 1902 445 1976 coegisse
460 1902 593 1961 videaris.

124 1982 169 2046 47
246 1981 338 2055 Quid?
348 1987 444 2063 vitam,
461 1982 548 2063 quid?
559 2003 654 2045 mores
666 1988 816 2045 iuventutis
829 2004 910 2064 quam
922 1986 1119 2066 principaliter
1129 1985 1207 2046 ior-tt

181 2067 254 2127 mas!
277 2068 369 2140 Quem
383 2068 520 2129 honorem
532 2069 644 2130 dicendi
661 2072 818 2146 magistris,
836 2088 919 2148 quam
935 2070 1127 2147 dignationem
1140 2087 1177 2128 sa·

179 2154 304 2230 pientiae
321 2152 485 2214 doctoribus
501 2153 602 2213 habes!
622 2152 659 2213 Ut
674 2155 726 2214 sub
742 2163 771 2212 te
786 2154 915 2232 spiritum
930 2162 959 2213 et
974 2156 1139 2232 sanguinem
1153 2161 1178 2210 et

179 2238 295 2313 patriam
315 2246 489 2314 receperunt
506 2237 611 2297 studia!
638 2256 709 2314 quae
726 2240 850 2314 priorum
865 2246 1025 2315 temporum
1040 2238 1178 2297 inmanitas
1218 2250 1220 2279 ῑ

180 2321 274 2379 exiliis
292 2322 443 2399 puniebat,
467 2338 530 2381 cum
548 2322 603 2380 sibi
617 2324 746 2379 vitiorum
763 2322 885 2379 omnium
902 2323 1037 2381 conscius
1049 2323 1180 2398 princeps
1218 2344 1220 2351 ·

179 2404 307 2463 inimicas
322 2406 397 2464 vitiis
413 2414 488 2463 artes
503 2422 559 2463 non
576 2403 641 2463 odio
657 2407 745 2481 magis
762 2421 843 2482 quam
855 2405 1016 2464 reverentia
1029 2403 1220 2480 relegaret-ll¹

179 2486 217 2543 Αι
232 2495 262 2544 tu
278 2485 392 2545 easdem
407 2497 482 2546 artes
497 2490 524 2544 in
542 2486 683 2565 conplexu
701 2487 792 2547 oculis
804 2488 918 2546 auribus
932 2487 1031 2548 babes.
1051 2485 1182 2546 Praestas

180 2569 253 2624 enim
269 2586 464 2644 quaecumque
478 2571 674 2646 praecipiunt,
697 2579 860 2650 tantumque
875 2590 925 2632 eas
940 2570 1038 2648 diligis
1052 2580 1182 2648 quantum
1211 2580 1220 2643 ἓ,

178 2648 214 2707 ab
229 2649 286 2708 illis
303 2649 440 2724 probaris.
458 2651 503 2709 An
519 2653 665 2728 quisquam
677 2654 767 2714 studia
778 2655 955 2715 humanitatis
966 2654 1121 2732 professas
1132 2670 1182 2713 nor

179 2749 242 2790 cum
251 2732 341 2789 omnia
355 2739 401 2790 tua
413 2742 471 2792 tum
482 2734 529 2792 vel
543 2737 570 2793 in
584 2739 680 2813 primis
692 2736 821 2799 laudibus
834 2739 906 2797 ierat
915 2737 1119 2799 admissionum
1129 2748 1181 2798 tua·

177 2831 239 2871 rum
255 2812 441 2874 facilitatem?
474 2816 577 2895 Magno
591 2821 703 2897 quidem
719 2824 811 2881 animo
827 2840 930 2898 parens
951 2832 1017 2882 tuus
1031 2820 1107 2882 hanc
1122 2830 1220 2885 antem

177 2915 231 2956 vos
253 2899 397 2976 principes
419 2918 514 2960 arcem
533 2903 708 2980 publicarum
729 2906 840 2965 aedium
856 2907 968 2964 nomine
984 2907 1181 2984 inscripserat;
1218 2898 1220 2905 '

178 2981 281 3042 frustra
298 2990 407 3060 tamen,
430 2987 483 3044 nisi
499 2985 662 3064 adoptasset
677 2990 724 3067 qui
744 2989 870 3049 habitare
885 2997 916 3047 ut
931 2991 958 3047 in
973 2988 1101 3067 publicis
1119 3004 1182 3068 pos·

177 3074 233 3125 set.
262 3066 352 3138 Quam
368 3068 442 3128 bene
461 3087 524 3128 cum
540 3070 620 3130 titulo
635 3073 691 3131 isto
706 3073 832 3133 moribus
845 3074 901 3133 tuis
918 3073 1073 3150 convenit,
1092 3091 1185 3152 quam·

178 3168 234 3228 que
255 3153 346 3211 omnia
369 3153 411 3211 sic
434 3153 520 3230 iacis,
546 3164 685 3232 tamquam
705 3174 761 3215 non
782 3154 853 3216 alius
869 3155 1064 3233 inscripserit!
1103 3155 1187 3230 Quod

177 3237 251 3293 enim
266 3235 376 3311 lorum,
393 3254 464 3313 quae
481 3237 585 3314 templa
600 3246 654 3296 tam
670 3236 816 3298 reserata?
841 3239 906 3299 Non
922 3237 1097 3317 Capitolium
1112 3243 1188 3319 ipsa·

178 3335 233 3392 que
249 3317 298 3377 illa
317 3316 477 3394 adoptionis
493 3329 557 3380 tuae
574 3320 660 3380 sedes
675 3324 764 3398 magis
780 3323 912 3399 publica,
939 3324 1030 3398 magis
1050 3326 1188 3384 omnium.

177 3397 254 3456 Nulli
274 3400 392 3477 obices,
419 3402 488 3461 nulli
512 3404 742 3463 contumeliarum
762 3405 883 3483 gradus,
911 3407 1117 3483 superatisque
1135 3410 1189 3467 iam

176 3480 255 3540 mille
272 3480 411 3543 liminibus
427 3484 499 3544 ultra
521 3505 635 3564 semper
655 3487 747 3565 aliqua
764 3488 831 3546 dura
852 3498 882 3547 et
901 3490 1050 3549 obstantia.
1084 3489 1191 3570 Magna
