2588 4116
417 306 679 368 EPISTULARUM
692 306 740 367 Vl.
763 315 803 370 l'l.
824 316 867 369 18.
947 296 950 301 ’
1085 304 1148 368 119

143 458 268 518 voluisti.
300 457 398 518 Finem
409 475 480 536 ergo
496 458 606 519 iaciant.
638 457 730 518 Unum
744 456 861 518 adiciam
876 457 968 517 omnia
981 474 1028 516 mc
1042 458 1146 537 quibus
1155 466 1189 518 22

142 541 326 601 interfueram
338 559 469 621 quaeque
484 544 585 619 statim,
595 558 662 600 cnm
672 543 792 601 mammo
803 558 871 602 vera
882 550 1081 620 memorantur,
1097 560 1145 601 au-

143 625 249 685 dieram
268 635 460 704 persecutum.
494 625 537 684 Tu
557 626 703 704 potissima
723 641 876 704 excerpes.
906 622 992 684 Aliud
1012 634 1058 685 eat
1073 627 1146 684 enim

144 708 294 787 epistulam
312 707 387 768 aliud
404 710 563 785 historiam,
579 706 653 768 aliud
670 711 761 768 amico
775 707 851 768 aliud
862 707 990 775 omnibns
1006 710 1144 772 scribere.

117 791 222 857 5Vale.

600 922 690 986 XVII.

399 1023 427 1073 c.
445 1023 569 1074 surmus
586 1022 767 1074 auscitano
783 1022 843 1075 suo
863 1022 889 1078 S.

204 1119 473 1199 Indignatiunculam
482 1140 563 1201 quiam
573 1124 600 1182 in
610 1121 753 1182 cuiusdam
766 1123 847 1182 amici
861 1121 998 1183 auditorio
1011 1125 1077 1200 cepi
1088 1137 1170 1188 nonl

102 1216 134 1268 to
143 1220 261 1285 possum
281 1206 347 1264 mibi
367 1214 528 1284 temperare
548 1207 711 1284 quominus
725 1205 800 1283 apud
815 1215 861 1282 te,
883 1207 1017 1284 quianon
1035 1210 1142 1268 contin·

141 1291 183 1366 git
197 1305 308 1364 coram,
323 1307 377 1368 per
388 1288 538 1367 epistulam
553 1287 702 1348 offundam.
733 1288 917 1349 Recitabatur
934 1287 1008 1349 liber
1029 1291 1169 1354 absolu-i

141 1374 281 1433 tissimus:
297 1372 371 1432 hunc
386 1372 441 1433 duo
459 1382 505 1432 aut
519 1382 597 1449 tres,
617 1380 648 1431 ut
661 1372 716 1432 sibi
732 1380 761 1431 et
772 1374 870 1450 paucis
884 1371 1030 1450 videntur,
1045 1372 1143 1434 diserti

141 1455 233 1517 surdis
246 1458 388 1536 mutisque
403 1454 511 1516 similes
525 1455 683 1516 audiebant.
716 1454 780 1516 Non
794 1454 873 1516 labra
886 1454 1070 1534 diduxerunt,
1086 1472 1144 1517 non

140 1546 288 1601 moverunt
299 1558 426 1618 manum,
448 1555 505 1607 non
519 1541 640 1620 denique
655 1538 895 1617 adsurrenarunt,
916 1538 1018 1600 saltem
1031 1539 1143 1601 lassitu-

99 1636 132 1687 15
142 1622 206 1682 dine
221 1622 348 1684 sedendi.
370 1623 449 1697 Quae
462 1633 537 1684 tanta
549 1621 695 1702 gmritasl
716 1641 788 1702 quae
802 1632 877 1684 tanta
891 1621 1050 1702 sapientiai
1071 1634 1170 1703 quaes

140 1710 223 1766 immo
235 1710 359 1786 pigritia,
374 1708 548 1786 adrogantia,
565 1709 733 1769 sinisteritas
746 1725 780 1768 ac
792 1709 887 1788 potius
903 1710 1032 1784 amantia,
1047 1709 1075 1768 in
1088 1708 1144 1767 boc

139 1799 228 1851 totum
250 1791 324 1851 diem
344 1792 501 1870 inpendere
518 1801 549 1852 ut
567 1791 711 1868 offendas,
733 1801 764 1852 ut
783 1794 924 1852 inimicum
944 1790 1089 1870 relinquas
1108 1791 1144 1850 ad

141 1893 224 1953 quem
238 1884 379 1954 tamquam
392 1877 590 1935 amicissimum
604 1872 739 1935 veneris?
760 1874 902 1937 Disertior
916 1877 980 1952 ipse
995 1872 1049 1936 eal
1066 1884 1171 1936 tant04

140 1959 241 2034 magis,
253 1976 290 2017 ne
302 1957 450 2017 invideris:
471 1975 535 2018 nam
549 1959 597 2036 qui
611 1958 718 2018 invidet
735 1961 825 2017 minor
839 1968 892 2019 est.
914 1956 1062 2037 Denique,
1081 1962 1144 2019 sive

95 2040 206 2119 20plus
223 2041 284 2100 sire
298 2043 389 2098 minus
406 2043 467 2098 sive
484 2038 558 2099 idem
579 2049 725 2118 praestas,
748 2039 830 2100 lauda
847 2040 895 2098 vel
915 2041 1078 2100 inferiorem
1095 2041 1143 2100 vel

141 2124 319 2200 superiorem
333 2121 380 2180 vel
394 2139 505 2200 parem:
528 2124 721 2198 superiorem,
742 2125 823 2201 quia,
845 2124 898 2181 nisi
912 2122 1066 2185 laudandus
1082 2124 1143 2200 ille,

140 2223 197 2265 non
208 2214 294 2284 potes
308 2207 371 2284 ipse
383 2203 504 2272 laudari;
524 2204 688 2265 inferiorem
700 2214 747 2265 aut
761 2222 875 2284 parem,
891 2207 956 2284 quia
971 2209 1095 2283 pertinet
1109 2207 1144 2267 ad

139 2301 213 2349 tuam
228 2287 347 2367 gloriam
361 2306 444 2367 quam
458 2290 606 2348 maximum
623 2287 713 2347 videri
734 2306 819 2367 quem
832 2288 983 2366 praecedis
998 2289 1046 2349 vel
1060 2308 1144 2349 erae-

140 2391 219 2451 quas.
254 2371 394 2451 Equidem
414 2389 514 2432 omnes
531 2373 579 2450 qui
599 2371 705 2452 aliquid
721 2373 750 2432 in
768 2370 867 2433 studiis
887 2371 994 2434 iaciunt
1014 2375 1168 2434 veneraris

95 2466 130 2519 25
140 2459 224 2517 etiam
239 2458 390 2534 mirarique
404 2455 496 2516 soleo.
519 2455 573 2517 Est
585 2458 659 2516 enim
672 2474 720 2516 res
736 2455 861 2516 diflicilia
882 2454 968 2517 ardna
984 2456 1142 2534 fastidiosa,

140 2549 168 2600 et
191 2558 264 2619 qnae
286 2557 338 2601 eos
359 2557 375 2600 a
402 2540 505 2619 quibus
527 2541 717 2601 contemuitur
736 2542 857 2600 invicem
879 2549 1047 2601 contemnat.
1080 2539 1142 2600 Nisi

138 2625 212 2684 forte
224 2622 298 2685 aliud
312 2623 419 2684 iudicas
434 2633 479 2683 tu:
500 2642 666 2704 quamquam
679 2625 742 2703 quis
759 2641 816 2684 uno
829 2633 859 2684 te
872 2628 1050 2684 reverentior
1060 2625 1142 2685 buius

139 2710 248 2785 operis,
263 2710 326 2786 quis
339 2707 488 2783 benignior
500 2704 684 2768 aestimatori
705 2706 768 2780 Qua
779 2711 889 2768 ratione
902 2708 1014 2787 ductus,
1028 2709 1078 2769 tibi
1090 2715 1168 2787 po·6

138 2792 274 2852 tissimum
295 2791 512 2866 indignationem
532 2809 623 2852 meam
645 2790 773 2868 prodidi,
796 2809 880 2871 quem
905 2791 1012 2853 babere
1034 2795 1142 2852 socium

95 2876 257 2938 &manime
273 2883 411 2954 poteram.
442 2871 524 2932 Vale.

586 3005 691 3067 XVlll.

426 3105 454 3158 c,
473 3105 599 3158 aurnuns
615 3106 732 3159 suartio
752 3106 813 3159 suu
832 3104 859 3159 S.

200 3211 298 3289 Rogas
315 3222 345 3271 ut
364 3229 445 3288 agam
462 3200 652 3272 Firmanbrum
668 3212 810 3291 publicam
829 3226 956 3275 causam;
980 3207 1057 3286 quod
1072 3219 1166 3287 ego,l

96 3306 305 3374 biquamquam
320 3295 446 3373 plurimis
466 3296 702 3373 occupationibus
723 3294 879 3368 distentus,
901 3290 1015 3351 adnitar.
1049 3289 1141 3371 Gupio

139 3381 213 3439 enim
227 3389 256 3439 et
271 3381 475 3440 amatissimam
490 3377 630 3438 coloniam
644 3377 837 3438 advocationis
849 3374 946 3436 officio
958 3383 986 3434 et
998 3385 1027 3436 te
1038 3378 1142 3454 gratis·

138 3464 210 3524 simo
221 3463 272 3523 tibi
283 3481 399 3523 munere
412 3462 603 3538 obstringere.
624 3460 696 3521 Nam
707 3478 770 3520 cnm
781 3458 995 3521 familiaritatem
1005 3469 1167 3539 postrema

139 3555 170 3606 ut
181 3544 259 3605 soles
270 3546 447 3626 praedicare,
463 3544 497 3606 ad
508 3543 679 3625 praesidium
689 3552 938 3623 ornamentumque
948 3546 998 3606 tibi
1011 3564 1140 3623 sumpse·
