2588 4116
99 136 103 145 .
126 124 204 143 ΎΙΎὯ·

415 206 678 269 EPISTULARUM
692 208 754 268 vit.
770 217 794 271 t.
808 220 835 273 8.
846 221 871 274 9.
1085 211 1147 276 137

88 380 92 399 ¹
136 359 274 437 alteram,
298 370 327 420 ut
345 360 404 436 ais,
428 360 492 438 ipse
508 360 631 438 finieris,
653 363 772 440 incipies
788 365 907 440 primurn
924 364 990 424 istic
1005 366 1063 424 otio
1079 364 1145 444 frui,

137 444 241 506 deinde
258 448 374 507 satiatus
394 444 428 503 ad
444 460 496 504 nos
511 445 627 504 reverti.
657 445 738 506 Vale.

601 576 678 638 Viti.

113 704 132 759 ⁶
424 674 451 723 o.
472 674 596 725 acturus
615 676 727 727 onisco
748 676 808 727 suo
828 675 853 725 s,

198 777 367 855 Exprimere
384 793 441 836 non
457 793 577 855 possum
592 795 675 856 quam
694 778 847 838 iucundum
856 780 902 838 sit
923 778 990 837 milri
1006 778 1082 856 quod
1097 779 1173 845 Sat

88 864 265 941 ‚sturninus
283 870 381 922 noster
402 878 524 922 summas
544 860 594 921 tibi
619 863 693 940 apud
714 881 758 923 me
776 864 880 940 gratias
895 862 959 922 aliis
975 879 1064 939 super
1077 862 1146 923 alias

138 946 272 1024 epistulis
293 949 361 1023 agit.
391 944 484 1023 Perge
504 954 535 1004 ut
556 947 678 1023 coepisti
692 949 840 1024 virumque
856 948 992 1023 optimum
1008 963 1090 1023 quam
1106 946 1174 1012 iao

137 1029 327 1091 miliarissime
348 1029 451 1106 dilige,
476 1047 605 1106 magnam
622 1030 798 1108 voluptatem
815 1049 853 1090 ex
866 1031 988 1089 amicitia
1003 1031 1065 1089 eius
1081 1047 1146 1106 per-

97 1121 291 1192 accepturus,
310 1130 365 1173 nec
376 1111 411 1171 ad
427 1114 516 1173 breve
530 1123 653 1191 tempus.
686 1113 756 1174 Nam
772 1132 835 1173 cum
850 1114 979 1174 omnibus
995 1114 1174 1179 virtutibus3

136 1197 276 1273 abundat,
305 1207 363 1257 tum
383 1196 437 1256 hac
459 1198 615 1275 praecipue
637 1198 713 1275 quod
732 1197 819 1257 babet
839 1200 985 1257 maximam
1006 1199 1147 1256 inaniore

138 1283 334 1341 constantiam.
367 1279 448 1339 Vale.

597 1412 621 1471 V
665 1413 688 1471 l.

97 1531 129 1583 15
440 1508 466 1558 o.
486 1411 726 1561 n,1n1ns¹r¹1¹1seo
744 1509 803 1560 suo
822 1508 848 1563 s,

204 1608 325 1682 Quaeris
347 1609 581 1686 quemadmodum
604 1613 633 1670 in
654 1630 791 1688 secessu,
817 1628 875 1689 quo
895 1609 1012 1669 iamdiu
1031 1608 1172 1685 frueris,1

139 1702 237 1772 putem
253 1701 282 1752 te
298 1692 414 1752 studere
430 1703 576 1772 oportere.
610 1695 686 1756 Utile
709 1697 867 1774 inprimis,
894 1704 923 1754 et
941 1692 1020 1753 multi
1036 1695 1174 1770 praeci-2

138 1779 235 1856 piunt,
262 1775 370 1836 velex
399 1774 509 1839 Graeco
531 1779 559 1838 in
577 1778 703 1839 Latinum
730 1779 777 1840 vel
803 1797 840 1839 ex
863 1778 960 1837 latino
982 1785 1098 1837 vertere
1119 1777 1148 1836 in

140 1858 295 1920 Graecum:
321 1878 378 1938 quo
401 1880 511 1937 genere
529 1864 742 1925 exercitationis
766 1865 928 1942 proprietas
952 1861 1147 1939 splendorque

94 1950 131 2003 20
139 1944 302 2019 verborum,
319 1946 403 2019 copia
415 1945 575 2020 figurarum,
591 1948 635 2006 vis
647 1946 819 2024 explicandi,
832 1955 981 2022 praeterea
992 1946 1148 2005 imitatione

140 2029 311 2107 optimorum
329 2025 430 2085 similia
448 2029 617 2087 inveniendi
630 2028 748 2088 facultas
769 2037 896 2106 paratur:
919 2027 1000 2087 simul
1017 2045 1091 2105 quae
1106 2027 1147 2085 le·

140 2120 256 2188 gentem
271 2107 446 2169 fefellissent
461 2110 679 2169 transferentem
694 2112 796 2187 lugere
812 2129 868 2170 uon
881 2119 1010 2188 possunt.
1033 2109 1148 2169 lntelle-

140 2193 237 2271 gentia
253 2210 291 2252 ex
304 2191 361 2252 hoc
378 2201 407 2251 et
421 2192 554 2251 iudicium
568 2193 733 2272 adquiritur.
755 2193 831 2251 Nihil
848 2194 962 2252 offuerit
979 2210 1052 2269 quae
1066 2191 1174 2269 lege-3

139 2279 180 2337 ris
194 2277 332 2336 hactenus
347 2285 448 2335 utrem
459 2286 712 2355 argumentumque
724 2286 822 2337 teneus
834 2278 913 2354 quasi
924 2275 1065 2335 aemulum
1077 2277 1148 2334 scri-

97 2363 211 2422 tobere
226 2361 371 2439 lectisque
387 2359 530 2436 conferre,
547 2379 581 2421 ac
598 2360 699 2421 sedulo
715 2361 859 2438 pensitare
876 2358 942 2438 quid
959 2367 1000 2436 tu,
1017 2357 1084 2437 quid
1100 2357 1149 2416 ille

143 2445 328 2505 commodius.
351 2443 451 2522 Magna
467 2445 630 2524 gratulatio,
647 2447 671 2504 si
686 2444 831 2504 nonnulla
848 2453 895 2521 tu,
910 2461 1028 2520 magnus
1045 2440 1148 2521 pudor,

142 2531 166 2589 si
183 2538 284 2588 cuncta
300 2527 349 2587 ille
370 2529 482 2589 melius.
503 2528 615 2589 Licebit
632 2529 772 2590 interdum
790 2538 819 2589 et
833 2529 979 2589 notissima
995 2526 1105 2603 eligere
1120 2535 1150 2585 et

142 2622 253 2671 certare
271 2628 335 2668 cum
349 2611 462 2673 electis.
485 2612 585 2674 Audax
598 2612 682 2691 haec,
698 2631 755 2674 non
769 2622 862 2673 tamen
876 2612 1007 2689 inproba,
1024 2611 1089 2689 quia
1103 2620 1191 2672 set

144 2704 222 2754 creta
244 2695 405 2752 contentio:
429 2713 595 2774 quamquam
619 2696 723 2757 multos
747 2697 877 2757 videmus
899 2696 1037 2757 eiusmodi
1058 2702 1149 2754 certa·

99 2780 216 2840 domina
232 2777 286 2837 sibi
304 2793 367 2836 cum
382 2776 468 2836 multa
481 2778 563 2840 laude
581 2783 755 2859 sumpsisse,
781 2798 912 2860 quosque
928 2779 1066 2857 subsequi
1081 2780 1149 2836 satis

143 2861 301 2935 habebant,
324 2859 389 2919 dum
409 2878 465 2921 nou
482 2862 649 2941 desperant,
671 2869 874 2925 antecessisse.
905 2862 1016 2923 Poteris
1033 2871 1062 2921 et
1078 2871 1177 2940 quaet>

144 2946 250 3006 dixeris
264 2954 330 3021 post
342 2944 516 3005 oblivionem
526 2955 693 3026 retractare,
710 2949 795 3008 multa
811 2951 945 3023 retinere,
963 2946 1043 3025 plura
1059 2954 1149 3004 trans·

144 3031 202 3106 ire,
225 3028 278 3088 alia
299 3028 518 3106 interscribere,
541 3029 595 3089 aliu
613 3033 785 3092 rescribere.
816 3031 1001 3091 Laboriosum
1023 3026 1099 3087 istud
1121 3035 1176 3088 etti

144 3112 238 3172 taedio
253 3112 369 3190 plenum
383 3112 435 3173 sed
450 3112 616 3175 dificultate
631 3117 694 3194 ipsa
708 3116 894 3189 fructuosum,
913 3111 1097 3173 recalescere
1114 3127 1151 3168 ex

102 3209 136 3261 35
144 3200 256 3273 integro
272 3206 301 3256 et
315 3215 462 3258 resumere
477 3198 612 3276 impetunt
633 3199 752 3259 fractum
768 3201 979 3272 omissumque,
1002 3203 1149 3272 postremo

144 3298 217 3341 nova
234 3279 313 3340 velut
327 3281 452 3341 membra
468 3292 587 3360 peracto
603 3286 717 3361 corpori
732 3284 861 3341 intexere
879 3296 934 3338 nec
952 3287 1042 3336 tamen
1056 3277 1151 3353 priora

144 3365 267 3424 turbare.
300 3364 368 3425 Scio
380 3383 454 3425 nunc
471 3365 521 3425 tibi
537 3383 604 3426 esse
621 3369 807 3444 praecipuum
823 3361 943 3422 studium
960 3358 1071 3426 orandi;
1098 3357 1176 3419 sedi

144 3466 201 3509 non
216 3448 282 3508 ideo
303 3467 418 3527 semper
433 3466 594 3528 pugnacem
609 3449 684 3508 hunc
705 3457 734 3508 et
754 3448 834 3524 quasi
856 3442 1035 3504 bellatorium
1055 3441 1151 3502 stilum
