2588 4116
208 215 249 278 68
634 216 667 277 C.
691 215 788 274 PLlNl

209 376 276 443 eget
290 367 357 442 quid
375 384 505 428 sermone
517 368 608 445 patrio
627 369 785 445 exprimere
806 368 917 444 possis,
937 384 1000 424 oum
1021 366 1076 425 hoc
1089 369 1212 427 insiticio

209 461 238 511 et
252 452 367 512 inducto
387 462 443 512 tam
461 450 607 529 praeclara
623 468 711 530 opera
728 450 897 528 perfeceris.
927 449 1008 510 Vale.

677 582 741 642 llll.

417 682 443 732 Ο.
461 682 584 732 PLINIUS
602 681 692 732 SOSlO
709 679 873 731 sensorum
893 679 952 730 SUO
974 674 1009 732 S..
1219 722 1236 772 5

188 792 203 843 1
272 782 440 843 Varisidium
457 781 600 861 Nepotem
613 780 788 842 validissime
804 778 909 856 diligo,
926 781 1015 837 virum
1032 779 1210 859 industrium,

207 875 328 941 rectum,
347 865 493 942 disertum,
511 866 587 945 quod
602 866 676 943 apud
689 882 735 922 me
750 862 798 922 vel
816 864 1044 940 potentissimum
1056 874 1111 924 est.
1133 864 1212 925 Idem

210 948 243 1007 Ο.
264 947 427 1026 Calvisium,
443 949 675 1010 contubernalem
689 965 800 1024 meum,
817 948 936 1005 amicum
953 956 1046 1023 tuum,
1070 957 1129 1007 arta
1144 967 1211 1027 pro·

182 1035 365 1108 tpinquitate
381 1032 586 1111 conplectitur:
602 1042 647 1093 est
662 1034 736 1092 enim
751 1030 824 1091 lilius
839 1032 956 1091 sororis.
980 1029 1061 1089 Hunc
1077 1049 1150 1109 rogo
1165 1054 1211 1094 se·

209 1117 306 1175 mastri
328 1117 469 1176 tribunatu
484 1116 707 1194 splendidiorem
724 1123 753 1175 et
772 1115 826 1175 sibi
843 1122 872 1173 et
885 1113 1025 1173 avunculo
1044 1116 1253 1184 suoiaeias.10

209 1196 356 1276 Obligabis
371 1219 435 1277 me,
459 1198 600 1278 obligabis
616 1198 769 1260 Calvisium
785 1207 931 1274 nostrum,
948 1197 1088 1275 obligabis
1105 1202 1209 1278 ipsum,

184 1290 264 1342 3non
281 1286 372 1344 minus
388 1284 520 1345 idoneum
536 1284 693 1345 debitorem
709 1300 792 1362 quam
806 1300 859 1342 nos
875 1290 966 1361 putas.
1000 1281 1088 1342 Multa
1103 1284 1209 1344 beneti-

208 1369 251 1426 cia
265 1369 294 1427 in
308 1368 412 1428 multos
436 1367 596 1429 contulisti:
618 1370 707 1428 ausim
728 1367 902 1426 contendere
925 1365 1031 1424 nullum
1052 1376 1080 1426 te
1095 1367 1208 1445 melius,

207 1468 299 1527 aeque
316 1453 391 1512 bene
407 1469 491 1511 unum
508 1461 554 1511 aut
571 1451 690 1511 alterum
707 1450 884 1510 conlocasse.
917 1449 997 1508 Vale.

692 1585 718 1643 V
1220 1557 1250 1607 lo

495 1684 521 1733 C.
541 1683 665 1734 PLINIUS
684 1681 807 1733 SPARSO
824 1682 882 1733 SUO
899 1683 924 1732 S.

185 1790 199 1840 1
271 1785 435 1846 Aeschinen
447 1789 521 1846 aiunt
530 1785 820 1864 petentibusRhodiis
832 1788 940 1865 legisse
955 1790 1108 1847 orationem
1121 1805 1208 1862 suam,

183 1868 309 1927 ideinde
324 1868 538 1948 Demosthenis,
555 1873 669 1930 summis
681 1880 826 1950 utramque
842 1871 1019 1932 clamoribus.
1053 1871 1135 1942 Quod
1151 1881 1209 1930 tan-

92 1954 95 1959 ’
207 1961 299 2012 torum
318 1955 441 2012 virorum
463 1957 576 2033 scriptis
595 1956 751 2031 contigisse
771 1973 828 2015 non
844 1958 946 2033 miror,
969 1974 1033 2016 oum
1053 1958 1208 2015 orationem
1219 1967 1251 2018 20

205 2053 296 2095 meam
314 2040 442 2113 proxime
462 2039 620 2099 doctissimi
641 2039 769 2099 homines
791 2040 976 2118 hocffstndio,
1002 2040 1057 2099 hoc
1074 2039 1207 2114 adsensu,

204 2119 262 2178 hoc
282 2122 365 2179 otiam
381 2120 480 2181 labore
497 2143 550 2202 per
566 2124 682 2183 biduum
700 2124 852 2202 audierint,
875 2125 1001 2203 quamvis
1024 2125 1209 2182 intentionem

209 2221 307 2264 eorum
322 2204 398 2265 nulla
412 2206 476 2265 binc
492 2218 520 2267 et
538 2208 603 2268 inde
622 2206 753 2284 collatio,
777 2209 883 2268 nullum
906 2210 985 2284 quasi
1004 2217 1146 2266 certamen
1164 2223 1209 2265 ac-

183 2287 355 2349 3cenderet.
400 2289 471 2349 Nam
498 2291 603 2352 Rhodii
624 2310 686 2352 cum
710 2294 781 2370 ipsis
803 2295 957 2351 orationum
980 2290 1129 2349 virtutibus
1153 2299 1211 2348 tum

206 2374 289 2432 etiam
312 2377 529 2452 comparationis
552 2377 660 2437 aculeis
682 2374 894 2448 excitabantur,
915 2380 1011 2430 nostra
1034 2374 1124 2429 oratio
1147 2375 1252 2438 sineu5

205 2456 399 2517 aemulationis
414 2462 503 2535 gratia
518 2460 699 2537 probabatur.
721 2457 765 2515 An
781 2458 892 2528 merito,
912 2455 1000 2528 scies,
1018 2469 1080 2510 cum
1098 2452 1207 2528 legeris

204 2537 316 2614 librum,
336 2543 416 2601 cuius
431 2544 585 2619 amplitudo
603 2560 659 2601 nou
674 2540 740 2599 sinit
755 2557 800 2596 me
816 2537 946 2612 longiore
958 2535 1080 2614 epistula
1095 2536 1206 2615 praelo·

181 2624 262 2699 dqui.
299 2623 420 2701 Oportet
441 2629 515 2686 enim
530 2644 582 2686 nos
607 2628 635 2683 in
654 2622 706 2680 hac
728 2628 806 2679 certe
822 2621 850 2678 in
866 2638 920 2697 qua
936 2637 1087 2698 possumus
1102 2621 1206 2681 breves

205 2723 289 2784 esse,
307 2727 363 2785 quo
380 2711 416 2768 sit
430 2711 591 2769 excusatius
615 2704 689 2785 quod
707 2703 808 2763 librum
823 2706 932 2783 ipsum,
953 2725 1009 2765 non
1026 2715 1118 2765 tamen
1134 2706 1207 2764 ultra

205 2807 308 2852 causae
323 2791 535 2870 amplitudinem
549 2790 736 2851 extendimus,
769 2786 848 2847 Vale.
1216 2795 1251 2849 30

670 2921 718 2981 Vl.

448 3020 475 3069 o.
493 3019 617 3070 ruinius
633 3021 719 3072 torcio
739 3019 858 3071 ursoni
877 3020 936 3071 suo
953 3019 978 3070 S.

178 3129 193 3180 1
266 3116 352 3177 Tusci
373 3116 508 3193 grandine
531 3123 664 3199 excussi,
687 3125 714 3181 in
735 3121 855 3198 regione
881 3119 1077 3199 Transpadana
1100 3140 1204 3182 summa

88 3270 90 3275 Ι
203 3199 369 3259 abundantia
389 3200 442 3259 sed
463 3219 513 3278 par
531 3201 624 3265 vilitas
645 3208 800 3266 nuntiatur:
819 3205 911 3264 solum
930 3206 996 3264 mibi
1011 3204 1206 3265 Laurentinum
1215 3217 1248 3270 35

176 3293 296 3343 2meum
312 3287 339 3342 in
360 3283 461 3343 reditu.
494 3285 570 3345 Nihil
588 3289 700 3366 quidem
715 3291 753 3349 ibi
776 3290 913 3368 possideo
928 3300 1043 3368 praeter
1057 3299 1163 3349 tectum
1178 3302 1206 3350 et

202 3365 313 3425 hortum
327 3369 474 3445 statimque
487 3369 616 3450 harenas,
629 3373 720 3433 solum
733 3383 825 3434 tamen
837 3375 903 3433 milri
915 3377 941 3433 in
954 3374 1053 3434 reditu.
1077 3373 1119 3432 lbi
1133 3378 1206 3434 euim

203 3448 353 3527 plurimum
368 3453 464 3513 scribo
482 3473 536 3515 neo
553 3474 669 3535 agrum,
686 3477 770 3536 quem
784 3477 840 3518 non
856 3459 966 3535 habeo,
986 3457 1037 3517 sed
1052 3460 1144 3536 ipsum
1161 3477 1205 3518 me
