2588 4116
383 138 645 201 EPISTULARUM
659 141 696 200 lt.
719 150 762 204 18·
778 149 820 205 19.
1061 141 1101 204 41

95 292 142 368 gis
158 289 271 350 laudem
287 307 370 370 quam
384 290 419 350 ad
437 309 527 353 meam
543 294 716 370 pertineret,
739 311 773 353 ac
789 293 842 352 nisi
863 310 980 370 sperare
996 303 1024 354 te
1040 293 1101 353 vel-

95 373 155 433 lem
171 391 260 453 posse
274 374 368 434 fratris
382 376 422 433 tui
438 374 511 435 filios
526 376 617 455 probe
631 374 755 437 discere.
777 374 861 448 Quod
877 386 1020 455 superest,
1037 394 1128 447 cuma

97 460 258 536 omnesqui
273 458 440 535 profitentur
450 456 577 535 audiero,
595 457 662 536 quid
675 457 710 518 de
723 476 837 538 quoque
850 463 967 520 sentiam
980 463 1100 521 scribam

96 540 294 622 efficiamque,
317 551 449 620 quantum
464 550 557 603 tamen
568 542 691 622 epistula
705 545 844 620 consequi
858 554 977 623 potero,
993 553 1022 603 ut
1039 547 1102 622 ipse

70 636 198 687 comnes
211 625 325 686 audisse
341 625 474 687 videaris.
490 625 594 687 Debeo
609 628 683 686 enim
699 627 760 704 tibi,
779 627 872 687 debeo
883 628 1036 688 memoriae
1049 627 1129 697 ira-‘4

8 708 12 717 '
96 711 150 770 tris
169 710 210 770 tui
231 710 302 769 banc
317 708 417 787 iidem,
437 710 494 770 boc
515 710 652 787 studium,
674 712 841 789 praesertim
861 730 950 791 super
971 720 1045 770 tanta
1060 730 1100 774 re.

96 792 169 853 Nam
185 793 253 871 quid
271 796 360 872 magis
382 795 502 854 interest
521 804 616 855 vestra
639 812 722 873 quam
742 804 771 855 ut
792 795 874 856 liberi
890 795 1034 875 (dicerem
1051 797 1100 870 tui,

96 877 152 938 uisi
169 895 244 937 nunc
258 877 323 938 illos
338 879 427 954 magis
442 880 566 960 amares)
585 877 661 955 digni
681 878 731 938 illo
745 887 842 959 patre,
858 888 886 939 te
902 889 1002 958 patruo
1017 896 1101 956 repc-

97 958 224 1021 riantur?
242 980 325 1040 quam
341 979 436 1022 curam
450 962 532 1039 mibi,
557 963 640 1021 etiam
654 963 678 1022 si
692 981 749 1023 non
763 962 944 1041 mandasses,
961 962 1101 1023 vindicas·

54 1048 90 1100 10
99 1062 170 1104 sem.
192 1043 255 1105 Nec
271 1049 372 1122 ignoro
388 1045 584 1123 suscipiendas
600 1046 722 1107 oilensas
737 1050 765 1107 in
782 1046 914 1125 eligendo
931 1056 1129 1127 praecepto-5

96 1144 141 1203 re,
157 1127 211 1188 sed
227 1137 343 1207 oportet
359 1148 404 1189 me
417 1144 476 1188 non
496 1129 580 1189 modo
595 1130 720 1191 offensas
734 1149 833 1190 verum
848 1133 931 1191 etiam
946 1129 1101 1190 simultates

97 1228 151 1289 pro
167 1211 262 1271 fratris
279 1215 319 1271 tui
334 1212 397 1272 liliis
412 1222 467 1271 tam
484 1228 577 1289 aequo
595 1215 686 1271 animo
702 1214 798 1274 subire
811 1232 892 1290 quam
905 1222 1037 1290 parentes
1050 1231 1102 1290 pro

97 1297 169 1356 suis.
198 1294 280 1354 Vale.

541 1427 657 1489 lelll.

378 1528 405 1581 c.
425 1528 548 1579 acturus
568 1528 695 1577 cruram
715 1526 774 1577 suo
794 1527 821 1579 ε.

163 1626 291 1688 Hortaris
317 1637 347 1688 ut
376 1631 531 1689 orationem
551 1631 648 1689 amicis
670 1629 797 1707 pluribus
818 1629 946 1687 recitem.
980 1627 1130 1704 Faciam,l

100 1712 166 1791 quia
179 1711 310 1787 hortaris,
326 1715 453 1791 quamvis
466 1713 651 1774 vehementer
665 1712 835 1773 addubitem.
858 1709 960 1796 Neque
976 1715 1048 1772 enim
1058 1722 1132 1774 moa

102 1798 238 1874 praeterit
251 1798 379 1857 actiones
396 1816 469 1876 quae
484 1800 639 1859 recitantur
652 1800 786 1875 impetum
798 1813 910 1857 omnem
922 1796 1104 1875 caloremque

55 1883 136 1939 idac
154 1897 247 1958 prope
267 1898 369 1940 nomen
387 1899 467 1940 suum
482 1881 620 1958 perdere,
641 1890 672 1939 ut
689 1899 758 1960 quas
774 1880 884 1943 soleant
907 1881 1104 1941 commendare

100 1962 183 2023 simul
196 1973 225 2023 et
236 1963 395 2023 accendere
410 1964 533 2023 iudicum
545 1981 710 2040 consessus,
728 1964 880 2023 celebritas
892 1963 1104 2040 advocatorum,

100 2047 267 2125 expectatio
277 2055 409 2122 eventus,
418 2046 491 2105 lama
502 2063 558 2105 non
569 2047 649 2104 unius
661 2048 776 2122 actoris,
791 2046 991 2122 diductumque
1003 2050 1030 2106 in
1042 2065 1105 2124 par·

98 2141 146 2191 tes
166 2127 338 2188 audientiam
352 2127 484 2204 studium,
501 2127 536 2188 ad
550 2129 607 2187 hoc
622 2127 742 2188 dicentis
757 2137 869 2204 gestus,
885 2129 1032 2205 incessus,
1049 2129 1104 2190 dis·

101 2230 203 2273 cursus
225 2214 325 2288 etiam,
348 2212 534 2290 omnibusque
555 2211 677 2270 motibus
695 2212 776 2269 animi
799 2218 1006 2269 consentaneus
1022 2214 1106 2286 vigor

57 2307 92 2360 25
103 2297 245 2376 corporis.
279 2295 360 2356 Unde
375 2296 479 2356 accidit
492 2306 522 2357 ut
539 2297 558 2355 ii
574 2298 621 2375 qui
638 2293 773 2355 sedentes
789 2301 892 2371 agunt,
909 2295 1036 2371 quamvis
1050 2293 1136 2360 illisa

102 2382 220 2441 maxima
236 2399 274 2441 ex
295 2388 376 2459 parte
396 2382 539 2460 supersint
559 2380 658 2440 eadem
676 2377 723 2438 illa
743 2396 816 2456 quae
837 2376 991 2454 stantibus,
1015 2387 1106 2437 tamen

54 1472 89 1525 15

102 2465 159 2524 boc
174 2464 252 2544 quod
266 2464 368 2526 sedent
389 2467 468 2542 quasi
490 2463 672 2524 debilitentur
694 2472 723 2522 et
740 2462 940 2541 deprimantur.
973 2460 1136 2523 Recitanl
1232 2502 1239 2511 .

103 2550 172 2608 tium
187 2565 258 2608 vero
273 2551 428 2626 praecipua
450 2549 684 2626 pronuntiationis
699 2546 873 2623 adiumenta,
899 2544 976 2606 oculi
997 2565 1105 2623 manus,

103 2631 338 2711 praepediuntur;
365 2650 421 2711 quo
436 2634 525 2692 minus
540 2634 639 2691 mimm
653 2640 709 2708 est,
721 2632 744 2689 si
760 2631 916 2691 auditorum
930 2630 1046 2690 intentio
1061 2647 1106 2689 re·

59 2715 275 2793 bolanguescit,
291 2715 374 2775 nullis
391 2718 569 2777 extrinsecus
583 2724 629 2774 aut
642 2713 836 2774 blandimentis
849 2722 931 2792 capta
942 2723 989 2774 aut
1001 2713 1108 2774 aculeis

104 2801 237 2860 excitata.
271 2797 391 2860 Accedit
412 2799 456 2859 his
481 2799 557 2877 quod
580 2801 670 2858 oratio
691 2797 727 2857 de
748 2815 803 2876 qua
825 2797 929 2876 loquor
944 2815 1059 2875 pugnax
1080 2806 1135 2861 etc

105 2885 284 2943 contentiosa
305 2892 359 2943 est.
394 2883 481 2941 Porro
503 2884 540 2942 ita
562 2891 657 2942 natura
674 2890 866 2960 comparatum
880 2891 924 2942 est
939 2891 969 2940 ut
985 2899 1019 2941 ea
1036 2899 1109 2960 quae

105 2967 272 3045 scripsimus
296 2984 359 3027 cum
380 2966 478 3025 labore
497 2968 579 3027 etiam
597 2984 661 3026 curn
677 2966 776 3026 labore
794 2965 882 3026 audiri
898 2974 1040 3043 putemus.
1074 2962 1138 3025 Ειθ

106 3068 174 3109 sane
182 3060 286 3128 quotus
294 3051 414 3128 quisque
429 3059 484 3108 tam
497 3059 593 3110 rectus
610 3049 730 3127 auditor,
743 3068 827 3127 quem
841 3067 897 3109 non
910 3050 1004 3125 potius
1019 3045 1111 3105 dulcia

63 3141 97 3196 35
107 3133 180 3194 baec
196 3143 225 3193 et
238 3136 364 3193 sonantia
376 3150 459 3210 quam
473 3143 584 3195 austera
596 3144 736 3211 obpressa
748 3129 912 3193 delectent?
934 3129 987 3189 Est
998 3126 1111 3207 quidem
1145 3204 1148 3209 .

99 3219 220 3277 omnino
234 3220 325 3294 turpis
340 3220 393 3277 ista
407 3216 559 3294 discordia,
575 3227 619 3277 est
634 3227 727 3277 tamen
740 3234 812 3292 quae
825 3215 992 3292 plerumque
1005 3212 1110 3277 evcnit,

105 3312 135 3362 ut
150 3299 225 3362 aliud
240 3301 384 3361 auditores
398 3300 474 3359 aliud
491 3301 599 3361 iudices
615 3304 747 3377 exigant,
768 3315 831 3357 cum
851 3296 956 3373 alioqui
971 3295 1014 3355 his
1029 3312 1111 3372 prae·

107 3388 192 3465 cipue
208 3385 317 3444 auditor
329 3384 411 3445 adfici
423 3383 527 3443 debeat
538 3384 639 3462 quibus
654 3384 739 3457 idem,
761 3383 785 3440 si
797 3380 873 3439 foret
883 3377 977 3458 iudex,
993 3381 1113 3440 maxime
