2588 4116
291 689 325 769 c.
355 687 464 768 ruuu
493 687 651 769 cruoru
678 683 853 766 suuuuur

189 847 220 960 ll
261 851 292 960 P
335 850 353 959 l
397 849 421 960 l
466 850 495 960 l
538 849 572 964 U
614 851 641 960 l
684 851 716 960 l
757 849 792 960 lt
832 845 948 962 llll

443 1040 541 1095 LIBER
562 1039 697 1095 PRIMUS.

556 1199 579 1257 l.

338 1295 365 1346 C.
385 1293 512 1345 PLINIUS
531 1293 672 1345 SEPTICIO
693 1292 752 1344 SUO
771 1293 798 1347 S.

125 1391 306 1470 Frequenter
320 1393 447 1455 hortatus
463 1414 495 1455 es
510 1403 541 1454 ut
558 1391 708 1474 epistulas,
723 1394 747 1452 si
764 1408 833 1469 quas
850 1388 935 1469 paulo
948 1393 1095 1455 curatiusl

72 1477 265 1554 scripsissem,
289 1477 457 1555 colligerem
469 1478 710 1558 publicaremque.
748 1474 862 1552 Collegi
880 1492 936 1534 non
956 1485 1070 1549 ¹serrato

72 1562 201 1637 emporis
218 1561 315 1621 ordine
333 1563 443 1642 (neque
463 1565 537 1623 enim
557 1563 701 1624 historiam
718 1559 948 1639 componebam),
966 1560 1019 1621 sed
1040 1570 1070 1620 ut

72 1662 196 1722 quaeque
218 1648 246 1704 in
268 1664 366 1706 manus
386 1658 513 1708 venerat.
551 1649 690 1727 Superest
710 1654 740 1705 ut
759 1664 814 1704 nec
835 1653 864 1704 te
887 1644 998 1704 consilii
1012 1655 1093 1706 nect

72 1747 109 1786 ne
132 1732 274 1806 paeniteat
296 1730 436 1810 obsequii.
473 1732 515 1792 lta
536 1735 610 1792 enim
631 1732 680 1792 fiet
702 1739 732 1790 ut
754 1748 804 1790 eas
826 1747 897 1808 quae
914 1729 1005 1789 adhuc
1020 1748 1070 1788 ne·

72 1810 178 1952 {deletae
195 1815 290 1875 iacent
304 1818 461 1894 requiram,
482 1819 548 1876 etsi
566 1836 635 1895 quas
647 1815 799 1891 addidero,
817 1831 874 1872 non
890 1815 1069 1892 supprimam.

92 1913 107 1954 a
120 1915 145 1954 e.

552 2030 589 2088 ll.

343 2124 673 2177 c‚PL1·N1UsnRRmN0
693 2127 753 2177 SUO
771 2128 798 2179 S.

128 2225 200 2299 Quia
224 2224 377 2284 tardiorem
399 2225 550 2285 adventum
573 2236 650 2286 tuum
672 2226 837 2305 prospicio,
863 2222 1096 2302 librumquem1

72 2309 359 2390 prioribus-epistulis
377 2311 561 2388 promiseram
578 2310 710 2370 exhibeo.
748 2308 830 2368 Hunc
852 2325 925 2384 rogo
948 2326 985 2368 ex
1005 2326 1072 2368 con-

72 2395 216 2455 suetudine
231 2403 278 2453 tua
295 2403 325 2453 et
339 2392 420 2472 legas
435 2403 465 2453 et
478 2388 632 2472 emendes,
656 2413 692 2454 eo
708 2396 815 2472 magis,
832 2392 908 2472 quod
923 2392 990 2452 nihil
1007 2403 1072 2453 ante

72 2497 212 2559 peraeque
228 2477 331 2537 eodem
352 2478 419 2538 stilo
441 2480 596 2558 scripsisse
611 2480 720 2539 videor.
758 2478 906 2557 Temptavi
923 2479 996 2537 enim
1011 2478 1096 2541 imi-2

72 2566 117 2622 :ari
133 2562 349 2622 Demosthenen
366 2581 482 2642 semper
497 2574 592 2642 tuum,
617 2562 735 2623 Calvum
750 2580 842 2642 nuper
862 2580 971 2639 meum,
993 2563 1071 2622 dum·

72 2655 140 2706 anat
156 2646 253 2723 liguris
269 2649 418 2706 orationis:
444 2666 506 2707 nam
521 2650 578 2707 vim
595 2657 734 2707 tantorum
748 2650 872 2708 virorum
892 2649 975 2726 pauci
998 2666 1070 2726 quos

72 2750 174 2809 aequus
195 2732 296 2790 amavit
316 2730 434 2810 adsequi
455 2741 585 2811 possunt.
621 2731 684 2792 Nec
704 2733 819 2791 materia
835 2733 898 2810 ipsa
912 2730 995 2809 huic,
1019 2741 1094 2795 ve=3

72 2833 133 2874 reor
145 2834 181 2874 ne
192 2815 312 2893 inprobe
325 2814 426 2892 dicam,
438 2816 616 2876 aemulationi
628 2816 811 2895 repugnavit:
824 2824 883 2876 erat
895 2817 969 2875 enim
980 2834 1072 2896 prope

72 2908 125 2958 tota
140 2900 167 2957 in
183 2901 366 2959 contentione
388 2899 515 2978 dicendi,
538 2900 614 2978 quod
637 2919 683 2960 me
704 2901 809 2979 longae
833 2900 958 2960 desidiae
978 2900 1071 2960 indor-

72 2985 201 3042 mientem
222 2985 371 3061 excitarit,
396 2984 420 3042 si
441 2984 526 3044 modo
547 2987 573 3045 is
591 3003 653 3045 sum
677 3003 733 3063 ego
755 2987 803 3065 qui
818 2985 936 3045 excitari
951 2986 1069 3062 possim.

72 3064 133 3125 Non
147 3075 240 3126 tamen
257 3069 369 3127 omnino
383 3065 471 3128 Marci
484 3071 573 3129 nostri
591 3063 765 3146 ληκύθους
779 3068 919 3146 fugimus,
938 3070 1097 3144 quotiens4

72 3148 182 3230 paulum
201 3153 302 3212 itinere
324 3150 467 3212 decedere
490 3170 545 3212 non
565 3155 772 3233 intempestivis
792 3151 1008 3212 amoenitatibus
1025 3151 1072 3210 ad·

72 3235 265 3295 monebamur:
282 3255 364 3296 acres
382 3237 455 3295 enim
470 3255 548 3314 esse,
566 3255 622 3297 non
635 3239 733 3300 tristes
748 3237 923 3297 volebamus.
948 3233 1011 3296 Nec
1025 3245 1095 3298 est5

72 3319 146 3398 quod
164 3329 248 3398 putes
270 3339 316 3380 me
339 3320 391 3382 sub
413 3319 466 3378 hac
487 3323 659 3400 exceptione
681 3324 791 3381 veniam
806 3319 961 3398 postulare.
1001 3319 1070 3379 Nam

72 3422 125 3482 quo
146 3405 235 3481 magis
256 3405 397 3465 intendam
414 3403 506 3463 limam
524 3414 614 3483 tuam,
638 3406 797 3465 coniitehor
818 3413 847 3463 et
868 3406 959 3482 ipsum
980 3416 1072 3465 meet

112 3493 186 3544 Purus
201 3493 250 3545 Er.
891 3486 909 3548 l
