2588 4116
194 230 236 291 35
620 216 655 277 G.
676 214 773 275 Pllb'l

169 388 316 458 egentes,
338 394 374 435 ne
391 374 538 433 audientes
551 370 678 449 quidem
700 387 762 428 narn
777 368 907 446 plerique
922 384 978 426 non
993 367 1124 445 audiunt,
1144 388 1200 430 nec

195 462 245 522 nili
264 462 355 538 magis
368 457 491 518 laudant.
524 456 554 515 Si
570 454 681 533 quando
695 453 827 513 transibis
840 469 894 530 per
908 451 1053 511 basilicam
1070 460 1100 511 et
1117 452 1200 514 voles

197 547 273 607 scire
288 561 345 623 quo
360 542 445 602 modo
460 541 580 620 quisque
592 538 678 615 dicat,
694 536 762 595 nibil
773 545 818 596 est
830 533 906 613 quod
916 535 1037 594 tribunal
1049 537 1200 615 ascendas,

197 629 265 689 nibil
280 627 357 708 quod
372 626 511 706 praebeas
523 639 633 689 aurem;
648 620 740 682 iacilis
751 619 899 679 divinatio:
914 621 988 679 scito
1000 639 1064 678 eum
1076 623 1200 698 pessime

171 712 297 777 9dicere
315 712 362 788 qui
384 707 541 768 laudabitur
562 707 691 765 maxime.
724 704 830 764 Primus
851 701 926 763 bunc
947 702 1078 763 audiendi
1094 714 1226 765 rnorem5

200 796 307 856 induxit
322 793 439 870 largius
454 790 584 866 licinus,
601 789 740 850 bactenus
755 797 848 847 tannen
865 795 895 846 ut
908 786 1051 848 auditores
1068 805 1201 866 corroga-
1289 796 1292 899 p

162 890 258 943 toret:
280 879 317 937 ita
336 885 415 937 certe
431 894 468 935 ex
483 873 671 949 Quintiliano,
692 880 881 951 praeceptore
902 889 983 950 meo,
1009 871 1122 932 audisse
1144 892 1202 932 me-

198 962 274 1021 mini.
305 957 441 1019 Narrabat
463 956 512 1018 ille
533 956 712 1018 ‘adsectabar
734 954 886 1015 Domitium
908 954 1022 1015 dirum:
1047 974 1111 1016 eum
1128 955 1203 1034 apud

200 1045 391 1105 centumviros
403 1042 513 1102 diceret
522 1042 648 1118 graviter
659 1050 688 1100 et
698 1039 775 1099 lente
793 1038 865 1117 (boc
881 1040 954 1099 enim
967 1038 1008 1099 illi
1022 1041 1141 1101 actionis
1153 1059 1203 1117 ge·

199 1146 252 1187 nus
272 1128 366 1205 erat),
386 1125 462 1185 audit
483 1143 520 1184 ex
539 1126 668 1202 proximo
689 1122 858 1182 inmodicum
879 1122 1079 1202 insolitumque
1101 1122 1247 1190 clamo-10

200 1229 268 1270 rem.
301 1210 461 1270 Admiratus
484 1208 607 1267 reticuit.
638 1205 693 1266 Ubi
715 1205 855 1265 silentium
876 1205 1062 1285 factumest,
1089 1209 1205 1285 repetiit

162 1309 191 1359 11
202 1294 277 1373 quod
291 1294 452 1372 abruperat.
473 1292 578 1352 lterum
595 1290 712 1367 clamor,
727 1291 828 1349 iterum
842 1291 972 1368 reticuit,
995 1301 1024 1351 et
1038 1301 1104 1370 post
1117 1289 1204 1351 silen-

201 1379 268 1439 tium
286 1377 383 1456 coepit
396 1377 471 1437 idem
487 1376 582 1437 tertio.
613 1373 773 1435 Novissime
785 1376 849 1452 quis
862 1372 971 1435 diceret
992 1375 1145 1453 quaesiuit:
1160 1393 1204 1434 re·

202 1479 339 1539 sponsum
361 1470 407 1520 est
423 1459 571 1519 ‘Licinus’
599 1457 668 1516 'lum
684 1457 843 1518 intermissa
855 1476 940 1518 eausa
955 1459 1145 1518 ‘centumuiri’
1164 1459 1205 1516 in·

84 1544 111 1591 N
164 1560 194 1611 η
204 1545 274 1624 quit,
293 1545 360 1603 ‘boc
377 1543 523 1601 artificium
539 1540 667 1619 periit'2.
704 1539 788 1613 Quod
809 1540 914 1620 alioqui
931 1542 1026 1621 perire
1040 1543 1203 1621 incipiebat,
1215 1549 1248 1600 15

203 1646 266 1687 curn
279 1627 391 1705 perisse
399 1624 468 1684 Airo
481 1624 637 1702 videretur,
650 1642 724 1684 nnnc
733 1642 804 1684 vero
817 1643 910 1706 prope
922 1625 1044 1688 funditus
1052 1628 1206 1687 extinctum

203 1720 232 1770 et
247 1726 378 1769 eversum
395 1717 450 1769 est.
471 1708 560 1768 Pudet
572 1707 683 1768 relerre
696 1726 769 1786 quac
782 1727 864 1788 quam
876 1709 965 1770 inacta
979 1711 1205 1789 pronuntiatione

163 1806 195 1860 13
203 1792 347 1870 dicantur,
363 1793 465 1871 quibus
479 1809 561 1871 quam
576 1793 682 1853 teneris
697 1792 866 1855 clamoribus
880 1795 1064 1873 excipiantur.
1086 1793 1205 1853 Plausus

202 1886 308 1936 tanturn
319 1893 354 1936 ac
367 1877 462 1956 potius
475 1876 536 1937 sola
554 1875 681 1952 cymbala
696 1886 725 1937 et
740 1887 870 1958 tympana
884 1877 941 1938 illis
954 1876 1071 1938 canticis
1087 1875 1205 1937 desunt:

203 1959 326 2033 ululatus¹
337 1962 449 2039 quidem
456 1960 566 2040 (neque
581 1962 655 2020 enim
667 1960 723 2020 alio
735 1961 877 2023 vocabulo
888 1969 985 2039 potest
997 1961 1116 2040 exprimi
1126 1961 1206 2022 tbea·
1214 1974 1248 2026 20

163 2044 252 2110 ldtris
275 2061 389 2123 quoque
410 2044 544 2105 indecora
565 2044 703 2125 laudatio)
726 2044 806 2124 large
830 2054 992 2124 supersunt.
1024 2044 1085 2106 Nos
1112 2055 1205 2106 tamen

202 2127 293 2188 adhuc
315 2139 343 2190 et
364 2130 468 2190 utilitas
484 2132 636 2190 amicornm
651 2139 680 2190 et
700 2130 772 2190 ratio
786 2130 885 2192 aetatis
900 2140 1072 2191 moraturae
1087 2130 1204 2190 retinet:

202 2230 335 2273 veremur
346 2215 419 2274 enim
430 2234 466 2275 ne
484 2214 559 2275 forte
571 2230 627 2274 non
639 2213 689 2273 has
706 2212 886 2291 indignitates
897 2214 1051 2292 reliquisse
1063 2213 1116 2275 sed
1128 2213 1206 2274 labo·

202 2314 262 2356 rem
274 2297 384 2375 iiugissc
400 2299 553 2359 videamur.
583 2299 684 2355 Sumus
702 2305 794 2355 tamen
808 2295 893 2355 solito
908 2299 1046 2373 rariores,
1064 2296 1140 2373 qnod
1154 2297 1210 2357 ini·‘

202 2380 269 2440 tium
286 2392 331 2442 est
344 2382 479 2458 gradatim
489 2378 643 2440 desinendi.
666 2376 749 2434 Vale.
1215 2387 1249 2442 25

674 2472 735 2531 XV.

450 2570 476 2619 o.
497 2570 623 2619 nunnius
644 2569 833 2620 vansmnno
852 2569 912 2620 suo
929 2570 955 2620 s,
1045 2530 1052 2543 '¹

178 2667 192 2718 1
264 2653 427 2725 Quomodo
445 2663 474 2714 te
488 2663 605 2715 veteres
625 2653 711 2717 blarsi
731 2650 792 2714 tuil
815 2672 872 2734 quo
888 2655 973 2717 modo
989 2659 1095 2738 emptio
1110 2658 1205 2721 nova?

202 2736 318 2797 Placent
333 2738 409 2814 agri,
422 2747 572 2817 postquam
585 2741 625 2800 tui
641 2739 709 2801 iacti
723 2736 807 2801 sunt?
831 2738 935 2801 Rarum
949 2740 976 2802 id
993 2743 1121 2821 quidem:
1136 2743 1205 2805 nibil

177 2820 277 2882 aenim
298 2838 389 2899 aeque
409 2833 517 2900 gratum
540 2833 584 2884 est
605 2824 715 2904 adeptis
737 2841 820 2903 quam
845 2827 1126 2905 concupiscentibus.
1157 2827 1249 2894 bledo

203 2903 316 2980 praedia
331 2915 454 2966 matema
470 2925 566 2986 parum
581 2909 728 2970 commode
748 2916 885 2988 tractant,
908 2910 1050 2973 delectant
1064 2920 1157 2973 tamen
1174 2922 1204 2973 ut

202 2996 337 3068 materna,
353 2998 383 3050 et
399 2990 504 3070 alioqui
515 2991 600 3070 longa
611 2994 744 3074 patientia
757 2994 889 3056 occallui.
911 2992 1023 3057 liabent
1034 2995 1109 3058 bunc
1122 2998 1205 3058 fincrn

202 3070 336 3135 adsiduae
352 3075 498 3154 querellae
514 3077 590 3156 quod
607 3079 687 3157 queri
701 3076 799 3157 pudet.
834 3078 915 3141 Vale.

663 3193 739 3255 xvi.

471 3292 498 3344 o.
518 3295 643 3345 nunnius
662 3294 807 3344 numano
827 3293 886 3345 suo
906 3295 931 3348 s,
1212 3308 1246 3361 35

180 3380 189 3431 1
266 3370 308 3432 Tu
320 3374 433 3452 quidem
447 3394 499 3455 pro
513 3387 610 3438 cetera
621 3389 667 3440 tua
683 3378 827 3457 diligentia
841 3379 976 3440 admones
990 3398 1035 3440 me
1051 3380 1201 3441 codicillos

203 3450 339 3533 Aciliani,
359 3460 407 3537 qni
423 3477 468 3521 me
483 3478 520 3521 ex
537 3471 619 3540 purte¹
635 3463 753 3522 instituit
772 3461 924 3542 heredem,
948 3481 1070 3544 pronon
1086 3465 1202 3543 scriptis
