2588 4116
147 169 187 233 12
574 166 606 226 c.
629 165 735 241 rmuu

147 324 191 382 cia
207 320 285 396 mihi,
302 336 359 378 non
373 319 445 378 haec
463 322 566 378 ‘senex
581 328 657 394 erat,
681 318 804 377 inlirmus
823 321 894 376 erat'
911 316 995 395 (haec
1014 295 1151 377 enim'no-
1232 327 1234 354 ⁴

144 405 206 482 vi),
221 403 274 464 sed
288 421 361 462 nova
376 402 479 480 aliqua,
496 402 548 462 sed
561 419 671 478 magna,
688 419 761 479 quae
776 400 910 460 audierim
926 419 1091 478 numquam,
1108 401 1151 460 le-

147 491 237 565 gerim
248 505 405 565 numquam.
428 485 499 545 Nam
515 504 587 564 quae
604 485 714 561 audivi,
731 503 804 562 quae
819 483 896 562 legi,
912 494 1016 564 sponte
1032 503 1151 545 succur-

145 581 226 647 runt,
245 569 297 630 scd
311 580 388 630 tauto
405 569 504 629 dolore
519 577 695 648 superantur.
727 567 809 628 Vale.

611 700 688 760 Xlll.

354 797 380 848 o.
400 797 524 847 ruinius
544 796 634 846 sosio
654 797 821 849 sauacrom
837 796 896 848 suo
915 797 943 846 e.

126 921 141 972 1
211 902 343 979 Magnum
357 911 526 980 proventum
541 909 690 980 poetarum
705 922 793 963 annus
809 902 855 961 hic
867 901 966 962 attulit.
990 900 1063 961 Toto
1073 920 1151 961 men-

149 1006 182 1047 se
198 986 291 1065 Aprili
308 984 402 1045 nullus
420 986 482 1045 lere
501 985 562 1045 dies
580 1004 637 1064 quo
652 1004 708 1046 non
723 989 858 1046 recitaret
875 984 986 1063 aliquis.
1010 985 1088 1045 Iuvat
1105 1003 1150 1046 me

148 1068 224 1148 quod
238 1072 335 1146 vigent
351 1068 452 1145 studia,
468 1069 615 1148 proferunt
630 1089 663 1129 se
678 1072 792 1148 ingenia
803 1069 945 1129 hominum
956 1079 984 1128 et
996 1079 1150 1146 ostentant,
1161 1085 1194 1134 lo

118 1156 258 1220 atametsi
273 1152 308 1212 ad
323 1153 491 1212 audiendum
505 1155 587 1231 pigre
604 1155 704 1213 coitur.
732 1153 865 1232 Plerique
880 1155 908 1211 in
922 1154 1089 1213 stationibus
1104 1173 1150 1213 se·

146 1237 213 1296 dent
224 1246 395 1315 tempusque
411 1236 541 1296 audiendi
556 1235 658 1296 sabulis
675 1247 824 1297 conterunt
836 1255 869 1296 ac
882 1236 1000 1296 subinde
1015 1236 1069 1296 sibi
1082 1255 1150 1296 nun-

144 1322 207 1380 tiari
223 1320 321 1381 iubent
335 1339 371 1380 an
384 1323 437 1380 iam
452 1322 587 1380 recitator
599 1323 755 1398 intraverit,
770 1339 804 1380 an
819 1320 920 1379 dixerit
934 1318 1149 1399 praelationem,
1174 1307 1184 1326 ⁰

146 1422 180 1462 an
196 1421 233 1462 ex
247 1421 353 1481 magna.
362 1414 442 1483 parte
454 1403 594 1464 evolverit
603 1403 719 1464 librum:
735 1414 803 1464 tunc
816 1404 938 1481 demum,
955 1421 988 1462 ac
1001 1413 1067 1462 tunc
1080 1421 1150 1481 quo·

146 1506 202 1564 que
218 1486 296 1546 lente
313 1497 536 1564 cunctanterque
557 1489 687 1554 veniunt;
709 1505 764 1546 nec
784 1496 877 1546 tamen
899 1497 1081 1564 permanent,
1099 1486 1151 1545 sed
1160 1497 1193 1549 15

146 1579 210 1630 ante
226 1570 310 1628 finem
330 1568 484 1645 recedunt,
501 1568 547 1627 alii
565 1568 772 1628 dissimulanter
787 1577 815 1627 et
829 1569 934 1643 furtim,
951 1567 998 1626 alii
1014 1569 1148 1646 simplici·

121 1661 189 1714 3ter
205 1662 234 1710 et
248 1651 349 1712 libere.
372 1651 418 1710 Ad
434 1650 558 1710 Hercule
573 1653 707 1710 memoria
722 1661 869 1730 parentum
884 1647 1030 1709 Claudium
1044 1649 1148 1711 Caesa·

145 1753 206 1794 rem
221 1734 332 1811 lerunt,
355 1754 419 1794 cum
433 1737 462 1793 in
477 1733 581 1813 palatio
599 1736 768 1813 spatiaretur
782 1733 965 1812 audissetque
983 1734 1148 1812 clamorem,

145 1836 259 1877 causam
279 1820 454 1896 requisisse,
478 1836 599 1896 cumque
621 1818 726 1878 dictum
744 1829 824 1880 esset
839 1819 962 1877 recitare
979 1817 1148 1896 Nonianum,

121 1901 267 1960 4subitum
288 1904 418 1961 recitanti
440 1903 668 1980 inopinatumque
693 1904 818 1962 venisse.
855 1900 936 1962 Nunc
961 1905 1192 1975 otiosissimus20

145 1987 266 2063 quisque
281 1985 369 2046 multo
385 1996 449 2046 ante
464 1995 580 2062 rogatus
596 1996 624 2046 et
635 1985 789 2046 identidem
804 1985 960 2047 admonitus
972 1997 1018 2047 aut
1032 2005 1149 2046 nonve·

144 2069 184 2126 nit
202 2078 259 2146 aut,
276 2072 301 2129 si
316 2072 405 2148 venit,
420 2072 547 2149 queritur
561 2090 595 2130 se
613 2070 698 2149 diem,
717 2073 781 2149 quia
797 2088 853 2130 non
867 2071 1039 2149 perdiderit,
1056 2071 1149 2151 perdi·

121 2150 231 2212 odisse.
251 2153 310 2213 Sed
324 2163 401 2214 tanto
416 2156 505 2232 magis
520 2154 650 2215 laudandi
671 2155 865 2233 probandique
882 2165 946 2216 sunt
961 2174 1032 2234 quos
1047 2173 1062 2214 a
1079 2157 1149 2215 scri-

144 2235 229 2297 bendi
244 2239 439 2318 recitandique
452 2240 545 2300 studio
557 2239 629 2300 baec
643 2239 799 2300 auditorum
809 2238 858 2298 vel
871 2238 978 2299 desidia
990 2239 1037 2298 vel
1050 2257 1149 2317 super·

143 2318 190 2380 bia
201 2339 257 2381 non
272 2322 404 2384 retardat.
426 2322 566 2402 Equidem
580 2340 672 2401 prope
687 2324 790 2381 nemini
802 2321 887 2380 defui.
908 2320 995 2381 Erant
1007 2339 1075 2380 sane
1087 2321 1148 2400 ple·
1157 2329 1191 2380 25

143 2406 226 2482 rique
238 2409 335 2466 amici:
358 2426 452 2484 neque
468 2409 542 2465 enim
559 2415 604 2464 est
620 2405 681 2463 lere
697 2407 843 2482 quisquam
858 2405 906 2481 qui
923 2403 1030 2479 studia,
1048 2414 1149 2463 utnon

121 2488 228 2547 dsimul
244 2499 274 2548 et
294 2506 347 2548 nos
364 2499 447 2548 amet.
477 2487 527 2547 His
549 2506 586 2546 ex
602 2489 695 2546 causis
709 2485 823 2561 longius
842 2503 924 2563 quam
941 2485 1149 2547 destinaveram

142 2577 257 2647 tempus
270 2572 299 2628 in
316 2571 387 2630 urbe
404 2572 577 2647 consumpsi.
606 2568 724 2628 Possum
738 2571 791 2628 iam
803 2579 939 2649 repetere
953 2590 1104 2632 secessum
1120 2580 1149 2631 et

142 2654 273 2711 scribere
289 2652 394 2729 aliquid
409 2652 485 2731 quod
500 2669 557 2711 non
569 2653 705 2730 recitem,
720 2672 757 2712 ne
774 2653 888 2731 videar,
911 2673 1030 2732 quorum
1047 2658 1148 2716 recita·

141 2734 267 2794 tionibus
284 2735 377 2813 adfui,
398 2754 455 2795 uon
469 2736 578 2796 auditor
591 2735 681 2796 fuisse
697 2737 750 2796 sed
769 2737 902 2797 creditor.
923 2736 994 2799 Nam
1011 2741 1082 2799 utin
1100 2759 1147 2798 ce·
1155 2751 1191 2806 30

138 2819 212 2957 qprlis
228 2818 315 2878 rebus
335 2820 373 2878 ita
391 2821 420 2879 in
439 2820 569 2879 audiendi
587 2820 683 2879 oflicio
701 2823 776 2898 perit
797 2824 903 2899 gratia,
925 2824 949 2882 si
968 2832 1146 2902 reposcatur.

167 2916 183 2957 a
196 2920 222 2960 e.

1162 661 1178 712 5

628 3037 692 3097 1111.

358 3131 384 3185 G.
405 3132 532 3185 PLINIUS
550 3037 637 3186 titud)
656 3135 800 3185 MAURICO
820 3134 880 3186 SUO
901 3134 927 3189 S.
1155 3165 1191 3218 35

107 3232 125 3282 1
204 3231 281 3292 Petis
297 3243 327 3292 ut
339 3234 435 3296 fratris
450 3239 491 3296 tui
512 3238 586 3297 liliae
603 3239 776 3316 prospiciam
795 3239 937 3307 maritum;
955 3238 1030 3316 quod
1046 3239 1147 3297 merito

131 3311 205 3370 mihi
226 3318 405 3392 potissimum
422 3321 555 3398 iniungis.
591 3321 655 3380 Scis
675 3324 748 3380 enim
771 3332 875 3398 quanto
898 3339 988 3398 opere
1010 3338 1147 3380 summum
1214 3343 1217 3347 ⁴

130 3389 216 3453 illum
236 3402 326 3458 virum
341 3407 523 3482 suspexerim
540 3403 763 3484 dilexerimque,
788 3406 890 3482 quibus
908 3403 957 3463 ille
978 3402 1145 3463 adulescen-

1231 368 1234 407 l
