2588 4116
394 242 657 304 EPISTULARUM
671 244 720 304 v1.
740 257 766 306 1.
782 256 806 306 2.
1043 246 1104 309 109

97 413 271 476 possessore
290 403 370 455 esset
384 403 516 472 acturus,
534 396 610 473 quod
627 397 772 458 candidum
789 396 929 475 splenium
943 400 970 457 in
987 398 1043 458 boc
1058 409 1105 459 aut

97 483 125 539 in
142 478 213 539 illud
227 476 411 557 supercilium
425 479 626 556 transferebat,
643 480 720 557 quod
731 499 847 559 semper
856 480 1024 560 haruspices
1037 500 1104 542 con·

97 562 212 624 sulebat
228 562 264 622 de
279 562 399 621 actionis
416 570 538 640 eventu,
563 582 579 623 a
601 565 683 623 nimia
698 565 919 642 superstitione,
942 564 994 625 sed
1012 574 1104 626 tamen

97 657 128 707 et
142 664 158 705 a
173 663 275 722 magno
291 643 446 705 studiorum
462 644 571 705 bonore
592 646 734 707 veniebat.
764 646 822 707 lam
842 646 890 707 illa
911 666 1048 727 perquam
1063 651 1129 711 iu·3

67 729 192 793 scunda
205 747 259 789 uua
275 727 451 807 dicentibus,
468 729 544 807 quod
558 729 648 790 libera
663 738 792 809 tempora
805 731 939 809 petebat,
967 730 1043 808 quod
1058 750 1105 791 au·

99 815 207 874 dituros
231 812 410 890 conrogabat.
450 811 524 886 Quid
547 815 621 874 enim
640 814 788 874 iucundius
809 831 892 891 quam
912 814 965 874 sub
988 813 1104 875 alterius

97 896 202 957 invidia
226 915 307 974 quam
329 896 375 955 diu
395 895 469 957 velis
490 899 562 957 etin
584 896 678 957 alieno
693 897 831 958 auditorio
847 899 926 974 quasi
946 896 1105 975 depreben-

99 999 162 1040 sum
183 979 332 1039 commode
355 976 473 1040 dicere?
506 981 564 1041 Sed
586 990 738 1061 utcumque
760 1000 792 1041 se
808 979 913 1041 habent
934 982 1003 1058 ista,
1030 980 1130 1043 bened

99 1064 170 1124 lecit
183 1061 313 1140 Regulus
329 1063 405 1141 quod
420 1073 465 1124 est
482 1074 624 1133 mortuus3
649 1065 767 1142 melius,
789 1066 813 1124 si
828 1074 903 1124 ante.
932 1063 1014 1124 Nunc
1031 1067 1105 1125 enim

54 1152 91 1204 10
100 1166 169 1208 saue
195 1155 307 1225 poterat
328 1148 389 1205 sine
411 1146 485 1207 malo
506 1148 624 1226 publico
645 1151 743 1208 vivere
767 1149 819 1208 sub
842 1165 878 1208 eo
899 1149 1028 1226 principe
1051 1148 1104 1207 sub

100 1248 157 1310 quo
171 1247 279 1290 nocere
297 1246 353 1289 non
369 1239 490 1308 poterat.
511 1230 581 1291 ldeo
593 1231 635 1291 las
651 1242 696 1291 est
710 1248 767 1290 non
781 1249 930 1307 numquam
942 1249 1005 1290 eum
1021 1249 1106 1308 quae·

99 1332 174 1375 rere.
207 1312 278 1373 Nam
299 1323 450 1391 postquam
471 1314 539 1373 obiit
559 1313 626 1390 ille,
647 1314 801 1374 increbruit
821 1316 926 1391 passim
946 1323 975 1372 et
991 1313 1130 1376 invaluit5

90 1397 279 1458 consuetudo
300 1397 379 1457 binas
394 1396 443 1457 vel
459 1398 585 1475 singulas
599 1396 784 1476 clepsydras,
807 1396 946 1456 interdum
967 1398 1050 1455 etiam
1066 1395 1105 1454 di·

99 1481 198 1541 midias
221 1490 249 1541 et
271 1479 353 1539 dandi
375 1488 405 1540 et
426 1481 551 1559 petendi.
583 1479 653 1540 Nam
668 1490 697 1540 et
712 1481 760 1558 qui
777 1480 872 1540 dicunt
892 1481 990 1556 egisse
1001 1477 1106 1538 malunt

55 1563 90 1613 15
100 1583 184 1643 quam
199 1583 286 1642 agere
302 1574 331 1625 et
347 1566 395 1642 qui
410 1565 524 1624 audiunt
542 1565 621 1624 linire
640 1582 721 1642 quam
740 1564 874 1625 iudicare.
905 1562 991 1623 Tanta
1006 1563 1104 1639 negle-

100 1650 215 1726 gentia,
248 1657 321 1707 tanta
345 1647 469 1725 desidia,
498 1657 574 1708 tanta
595 1647 717 1727 denique
738 1649 927 1709 inreverentia
951 1645 1105 1706 studiorum

100 1731 351 1810 periculorumque
371 1741 425 1791 est.
459 1731 577 1793 Annos
604 1735 791 1811 sapientiores
813 1730 965 1791 maioribus
988 1733 1132 1806 nostris,6

100 1832 153 1875 nos
168 1814 281 1892 legibus
296 1816 367 1894 ipsis
381 1817 532 1893 iustiores,
555 1835 626 1894 quae
642 1825 685 1876 tot
701 1816 801 1891 boras,
818 1825 860 1875 tot
877 1814 956 1891 dies,
971 1822 1013 1873 tot
1030 1832 1105 1874 oom-

101 1898 349 1976 perendinationes
366 1896 542 1977 largiuntur?
563 1900 683 1960 hebetes
700 1900 741 1959 illi
757 1909 786 1959 et
800 1898 1010 1977 supramodum
1022 1899 1104 1974 tardi,

55 1986 154 2042 bonos
171 1985 296 2060 apertius
311 1982 441 2059 dicimus,
462 1981 585 2042 celerius
601 1983 806 2059 intellegimus,
823 1981 987 2058 religiosius
1002 1980 1105 2040 iudica-

98 2084 177 2143 mus,
195 2068 259 2143 quia
274 2065 455 2142 paucioribus
478 2064 637 2142 clepsydris
660 2066 879 2143 praecipitamus
900 2081 1001 2123 causas
1025 2081 1106 2140 quam

98 2144 202 2209 dicbus
222 2147 359 2224 explicari
377 2144 529 2206 solebant?
550 2146 718 2224 Ollegule,
737 2149 784 2225 qui
799 2147 949 2205 ambitione
967 2145 1001 2204 ab
1021 2148 1132 2210 omni-t

99 2234 153 2292 bus
172 2231 322 2310 optinebas
344 2229 420 2310 quod
437 2229 503 2290 fidei
517 2231 679 2308 paucissimi
700 2227 858 2308 praestant!
881 2227 1021 2306 Equidem
1037 2246 1106 2306 quo·

98 2317 174 2376 tiens
189 2315 303 2392 iudico,
329 2314 406 2392 quod
420 2313 469 2374 vel
483 2315 598 2392 saepius
615 2313 689 2373 iacio
706 2330 788 2392 quam
804 2313 880 2390 dico,
899 2319 1030 2390 quantum
1044 2313 1106 2388 quis

56 2398 250 2478 toplurimum
268 2396 393 2477 postulat
413 2415 502 2476 aquae
521 2396 567 2457 do.
603 2396 715 2458 Etenim
729 2398 908 2457 temerarium
924 2395 1054 2454 existimo
1067 2394 1133 2458 ‹ti-e

88 2485 197 2543 'tiuare
217 2500 300 2562 quam
316 2484 442 2562 spatiosa
458 2483 495 2542 sit
512 2500 597 2542 causa
615 2483 737 2542 inaudita
752 2491 923 2559 tempusque
940 2480 1057 2555 negotio
1077 2479 1107 2537 ll·

100 2569 161 2627 nire
177 2568 257 2627 cuius
276 2565 389 2626 modum
403 2568 536 2644 ignores,
561 2568 730 2645 praesertim
754 2583 817 2626 cum
840 2567 956 2644 primam
974 2562 1107 2640 religioni

101 2669 170 2710 suae
184 2650 271 2711 iudex
292 2651 453 2728 patientiam
475 2650 594 2727 debeat,
622 2669 695 2729 qnae
716 2668 782 2729 pars
797 2667 897 2727 magna
914 2648 1038 2707 iustitiae
1053 2657 1106 2706 est.

100 2733 138 2794 At
153 2734 289 2812 quaedam
303 2751 479 2812 supervacua
492 2733 629 2793 dicuntur.
653 2733 758 2794 Etiam:
773 2733 825 2793 sed
837 2734 923 2792 satius
936 2739 980 2791 est
994 2731 1106 2790 ethaeo

58 2816 159 2883 ecdici
176 2834 257 2896 quam
279 2834 334 2876 non
355 2817 411 2877 dici
425 2818 598 2877 necessaria.
630 2818 782 2877 Praeterea
797 2834 832 2875 an
847 2818 901 2877 sint
917 2824 1132 2893 supervacua,9

10 2918 19 2985 Ι·
101 2902 155 2962 nisi
173 2919 236 2960 cum
251 2900 383 2976 audieris,
401 2901 476 2959 scire
491 2917 547 2959 non
561 2903 667 2978 possis.
699 2899 756 2959 Sed
772 2899 866 2960 dehis
882 2897 983 2958 melius
999 2916 1104 2972 coram,

10 3000 12 3019 ¹
100 2993 131 3043 ut
147 2983 182 3044 de
200 2983 328 3063 pluribus
345 2985 420 3044 vitiis
441 2984 571 3042 civitatis.
601 2982 672 3043 Nam
687 2994 717 3044 tu
735 3001 848 3061 quoque
864 3000 960 3042 amore
983 2998 1105 3041 commu·

100 3068 178 3127 nium
193 3067 272 3128 soles
288 3067 430 3128 emendari
451 3083 559 3144 cupere
581 3085 653 3146 quae
677 3069 729 3126 iam
751 3069 897 3145 corrigere
919 3063 1035 3123 diiiroile
1051 3073 1105 3122 est.

100 3150 183 3211 Nunc
194 3153 381 3230 respiciamus
398 3150 496 3209 domos
513 3159 635 3211 nostras.
669 3150 779 3229 Ecquid
795 3151 886 3210 omnia
900 3149 927 3205 in
943 3157 990 3206 tua
1004 3141 1105 3204 recte?
1116 3156 1149 3206 10

59 3243 91 3297 35
100 3238 129 3295 in
144 3252 207 3295 mea
222 3236 288 3294 novi
303 3233 380 3293 nibil.
403 3231 471 3291 blihi
486 3242 579 3292 autem
593 3242 622 3293 ot
637 3236 760 3312 gratiora
772 3243 836 3293 sunt
849 3232 935 3303 bone,
952 3227 1028 3304 quod
1040 3243 1105 3305 per·

12 3316 30 3336 ''
100 3328 246 3397 severant,
263 3327 291 3378 et
305 3317 414 3379 leviora
428 3317 614 3395 incommoda,
630 3319 706 3399 quod
720 3315 846 3378 adsuevi.
877 3310 958 3370 Vale.
