2588 4116
350 226 613 288 EPISTULARUM
627 228 677 287 111.
701 239 743 291 ro.
761 240 802 291 11.
820 240 862 293 ιι.
1069 231 1109 296 57

106 379 261 437 amicorum
274 379 302 436 in
316 380 404 437 maius
419 379 551 439 extollat:
568 379 633 440 iude
650 383 733 440 etiarn
746 398 838 441 meum
853 385 983 443 meritum
996 393 1027 443 ut
1042 402 1110 443 vera

106 464 146 521 ita
167 477 252 538 supra
272 463 402 521 meritum
424 462 636 539 praedicatione
659 464 830 524 circumfert.
867 465 1022 544 Equidem,
1047 479 1137 530 cuma

107 553 205 606 essent
226 544 390 622 philosophi
411 546 446 605 ab
468 546 539 606 urbe
560 550 708 623 summoti,
732 548 772 606 lui
788 549 863 627 apud
876 549 954 608 illum
968 553 996 608 in
1011 551 1110 610 subur·

106 630 197 703 bano,
219 638 249 689 et
264 645 320 707 quo
336 628 506 707 notabilius,
523 629 579 690 hoc
595 640 640 691 est
653 631 845 709 periculosius
861 642 956 709 esset,
976 633 1015 692 lui
1030 651 1110 711 prae·

79 722 159 781 5t0r.
190 711 340 772 Pecuniam
356 714 457 790 etiam,
473 731 527 791 qua
542 723 608 775 tunc
624 714 663 773 illi
678 714 815 793 ampliore
833 732 905 794 opus
923 726 999 792 erat,
1017 725 1046 775 ut
1060 734 1109 776 aes

104 795 226 855 alienum
241 795 407 856 exsolveret
420 805 593 856 contractum
604 817 642 858 ex
654 797 851 875 pulcherrimis
863 802 968 877 causis,
984 817 1110 859 mussan·

104 880 180 939 tibus
202 883 309 956 magnis
332 880 499 958 quibusdam
521 891 550 941 et
571 881 762 960 locupletibus
778 885 877 942 amicis
891 892 1031 942 mutuatus
1046 886 1109 962 ipse

104 965 250 1040 gratuitam
265 962 339 1023 dedi.
362 963 464 1042 Adque
480 965 552 1024 baec
569 966 638 1041 ieci,
656 983 719 1024 cum
735 976 847 1044 septem
862 968 959 1026 amicis
975 969 1047 1027 meis
1063 974 1137 1027 aut3

104 1047 211 1106 occisis
227 1055 273 1105 aut
287 1046 440 1124 relegatis,
465 1050 569 1107 occisis
586 1049 746 1109 Senecione
761 1049 880 1109 Rustico
896 1049 1045 1126 Helvidio,
1062 1069 1108 1109 rc·

62 1141 95 1195 10
104 1129 207 1206 legatis
223 1129 349 1189 Maurico
365 1129 479 1190 Gratilla
493 1132 575 1191 Arria
589 1132 707 1208 Fmrnia,
731 1143 772 1192 tot
793 1136 869 1192 circa
890 1151 935 1193 me
956 1136 1036 1194 iactis
1054 1133 1107 1191 ful-

102 1214 224 1272 minibus
247 1215 327 1291 quasi
348 1214 493 1273 ambustus
515 1216 580 1273 milri
603 1233 716 1293 quoque
732 1216 887 1292 inpendere
904 1216 978 1276 idem
993 1219 1108 1276 exitium

104 1299 190 1356 certis
214 1294 380 1374 quibusdam
401 1299 476 1356 notis
498 1316 658 1374 augurarer.
690 1296 755 1356 Non
775 1297 840 1356 ideo
862 1307 956 1358 tamen
978 1300 1136 1358 eximiaml:

101 1378 223 1457 gloriam
237 1382 377 1438 meruisse
393 1397 450 1455 mc,
467 1390 497 1440 ut
511 1380 560 1440 ille
575 1380 730 1459 praedicat,
749 1379 836 1439 credo
853 1380 905 1439 sed
918 1390 1023 1440 tantum
1038 1382 1107 1439 eliu·

100 1465 182 1540 gisse
197 1462 341 1540 flagitium.
364 1461 435 1523 Nam
450 1474 479 1524 et
495 1462 527 1524 C.
544 1462 718 1541 Musonium,
737 1481 869 1524 socermn
887 1466 959 1541 eius,
977 1467 1135 1542 quantumi>

59 1562 92 1614 15
100 1545 210 1605 licitum
226 1556 271 1606 est
286 1565 340 1626 per
354 1557 493 1624 aetatem,
518 1566 581 1607 cum
602 1549 783 1608 admiratione
800 1548 887 1607 dilexi
903 1557 932 1606 et
947 1547 1107 1607 Artemido-

101 1647 163 1688 rum
178 1632 270 1708 ipsum
285 1633 339 1690 iam
355 1640 428 1709 tum,
452 1649 515 1690 cum
530 1635 557 1691 in
572 1632 653 1707 Syria
668 1634 795 1692 tribunus
811 1631 975 1709 militarem,
993 1641 1051 1691 arta
1067 1630 1107 1689 ia·

100 1712 258 1775 miliaritnte
280 1715 446 1794 complexus
468 1734 547 1793 sum,
570 1716 654 1795 idque
676 1718 795 1796 primum
815 1715 988 1775 nonnullius
1004 1713 1106 1774 indolis

102 1795 168 1856 dedi
183 1794 344 1876 specimen,
360 1800 436 1877 quod
452 1802 541 1858 virum
556 1809 603 1859 aut
618 1802 775 1878 sapientem
790 1810 837 1860 aut
852 1802 1010 1878 proximum
1020 1798 1106 1858 simil·

101 1879 253 1960 limumque
269 1885 389 1961 sapienti
404 1883 574 1961 intellegere
590 1902 650 1942 sum
664 1887 752 1943 visus.
781 1882 852 1942 Nam
867 1902 903 1943 ex
920 1883 1047 1943 omnibus
1059 1884 1133 1957 quid

55 1973 175 2026 wnunc
196 1983 229 2025 se
257 1966 445 2044 philosophos
466 1975 570 2028 vocant
590 1968 638 2026 vix
659 1985 743 2025 unum
763 1975 809 2025 aut
837 1965 955 2025 alterum
977 1968 1104 2024 invenies

49 2110 53 2123 ,
99 2057 176 2107 tanta
198 2050 379 2125 sinceritate,
402 2057 476 2108 tanta
497 2052 625 2108 veritate.
653 2049 733 2108 Mitto
755 2067 808 2125 qua
825 2050 958 2124 patientia
975 2051 1104 2124 corporis

51 2136 59 2159 ¹
98 2132 212 2191 hiemes
228 2132 306 2190 iuxta
320 2139 349 2190 et
363 2140 488 2190 aestates
504 2131 588 2205 ierat,
606 2140 635 2189 ut
650 2130 733 2190 nullis
748 2130 894 2189 laboribus
911 2131 1002 2207 cedat,
1020 2139 1049 2187 ut
1064 2132 1105 2188 ni·

98 2213 141 2275 hil
156 2214 185 2273 ln
203 2213 279 2290 cibo,
296 2216 323 2272 in
339 2221 408 2293 potu
423 2213 616 2292 voluptatibus
633 2215 751 2288 tribuat,
766 2222 796 2271 ιιι
812 2211 912 2271 oculos
928 2215 1104 2288 animumque

98 2299 253 2359 contineat.
286 2297 356 2357 Sunt
371 2298 442 2358 haec
457 2315 575 2374 magna,
592 2297 644 2357 sed
658 2299 686 2355 in
701 2294 770 2363 alio;
787 2297 814 2353 in
829 2293 885 2354 hoc
899 2312 968 2353 vero
983 2295 1133 2368 minimest

54 2384 125 2449 nasi
142 2382 247 2441 ceteris
264 2382 414 2441 virtutibus
431 2390 648 2458 comparentur,
672 2379 773 2459 quibus
795 2379 896 2437 meruit
916 2387 977 2437 uta
994 2375 1027 2435 G.
1044 2374 1105 2434 Mu-

99 2466 181 2524 sonio
196 2484 235 2526 ex
250 2466 378 2525 omnibus
396 2468 518 2525 omnium
534 2464 661 2524 ordinu'm
680 2462 903 2523 adsectatoribus
919 2479 1009 2539 gener
1024 2459 1105 2519 adsu-

99 2559 232 2611 meretur.
262 2547 342 2622 Quae
358 2549 423 2608 milri
438 2548 600 2609 recordanti
615 2557 660 2609 est
674 2547 788 2627 quidem
803 2545 953 2605 iucundum
968 2543 1044 2623 quod
1059 2554 1132 2607 me&

102 2650 166 2691 cum
187 2632 261 2710 apud
282 2632 354 2692 alios
377 2642 433 2692 tum
455 2632 531 2710 apud
552 2641 580 2692 te
603 2633 686 2692 tantis
702 2630 831 2690 laudibus
848 2630 984 2704 cumulat,
1000 2645 1105 2689 vereor

100 2724 193 2775 tamcn
212 2734 249 2775 ne
269 2716 382 2775 modum
402 2716 541 2791 excedat,
564 2734 648 2794 quem
669 2716 828 2790 benignitas
851 2715 911 2773 eius
933 2712 1014 2791 (illuc
1031 2714 1104 2770 enim

54 2799 175 2859 dounde
191 2801 275 2878 coepi
289 2799 433 2877 revertor)
450 2817 506 2858 non
521 2798 596 2858 solet
611 2809 719 2858 tenere.
748 2795 819 2856 Nam
835 2798 862 2855 in
877 2797 933 2855 boc
949 2814 1004 2855 uno
1019 2798 1132 2858 inter-9

100 2882 165 2941 dum
178 2885 222 2942 vir
242 2883 347 2962 alioqui
362 2882 596 2960 prudentissimus
613 2883 733 2942 honesto
752 2879 864 2958 quidem
879 2880 931 2939 sed
951 2889 1044 2939 tamen
1060 2897 1104 2937 er·

98 2984 165 3107 ppre
186 2977 332 3044 versatur,
355 2967 431 3045 quod
452 2965 541 3044 pluris
561 2968 667 3026 amicos
684 2982 752 3025 suos
769 2980 851 3041 quam
866 2973 931 3023 sunt
946 2963 1103 3022 arbitratur,

125 3049 180 3110 ale.

570 3179 633 3239 ΧΠ.

311 3282 338 3335 c.
359 3279 482 3332 rasurus
498 3279 627 3330 cnsrmo
643 3277 770 3328 suvsso
787 3276 846 3326 suo
863 3274 890 3323 s,

157 3383 275 3444 Veniam
290 3383 325 3442 ad
342 3399 456 3458 cenam,
474 3380 526 3442 sed
540 3382 594 3439 iam
607 3396 681 3438 nunc
697 3379 829 3456 paciscor
844 3376 880 3437 sit
895 3373 1045 3449 expedita,
1069 3373 1128 3432 sitl

98 3485 203 3548 parca,
225 3468 379 3528 Socraticis
401 3474 506 3525 tantum
527 3463 705 3523 sermonibus
721 3457 861 3533 abundet,
884 3459 912 3514 in
929 3456 972 3516 his
989 3474 1104 3535 quoquc
