2588 4116
537 204 778 258 PRAEFATIO.
1152 220 1191 259 vll

113 360 152 409 ter
162 356 292 412 Vaticanus
305 364 343 413 est
353 373 454 413 numero
466 361 549 421 3864,
572 360 597 414 in
608 359 754 414 membranis
767 359 858 415 formae
869 361 998 431 quadratae
1008 362 1126 434 scriptus,
1148 366 1189 437 qui

113 446 171 511 post
182 439 293 496 Caesaris
304 441 335 496 de
348 442 412 498 bello
425 443 516 498 Gallico
529 445 714 498 commentarios
730 443 800 498 Plinii
812 444 968 513 epistularum
984 447 1058 501 libros
1075 455 1188 519 quattuor

113 524 206 594 primos
222 526 331 581 continet
341 527 360 580 i.
373 528 406 584 76
420 554 456 565 -
469 527 488 581 s.
506 531 567 585 108.
590 534 705 582 secuntur
720 525 828 581 Sallustii
841 529 971 583 orationes.
994 531 1112 600 scriptura
1133 548 1188 602 per·

114 622 187 678 quam
198 616 310 664 accurata
320 617 365 675 est,
376 625 449 680 saepe
460 611 533 664 etiam
545 610 666 666 vocabubs
677 626 726 666 non
738 612 857 666 distinctis
868 612 989 681 continua,
1001 620 1026 667 et
1037 630 1107 684 quam
1119 617 1186 671 initio

114 692 205 748 saeculi
216 692 304 748 decimi
321 694 393 748 facile
408 695 508 750 tribuas.
530 695 555 749 in
571 695 654 765 primis
670 694 766 750 schedis
782 696 858 750 multa
879 696 970 751 recenti
985 711 1059 751 mauu
1079 707 1187 755 correcta

114 782 183 840 nunt,
205 792 267 847 quae
283 778 414 832 maximam
431 785 523 848 partem
540 794 555 833 e
571 779 654 834 codiee
670 786 768 834 centnm
785 779 942 849 epistularum
959 779 1059 836 illuxisse
1071 782 1186 837 intellexi.

113 859 171 914 huic
181 861 317 937 addendum
331 868 368 917 est
385 863 483 917 tertium
491 864 529 917 vel
541 865 634 933 potius,
650 863 763 934 quoniam
774 862 805 917 de
815 862 959 919 Schureneri
971 865 1054 920 codice
1066 866 1124 920 mihi
1138 883 1188 921 non

114 949 216 1009 constat,
228 946 363 1001 secundum
373 945 551 1018 apographum,
565 940 643 1002 codex
653 947 775 1002 Mediceus
786 947 824 1002 vel
836 947 1009 1003 Laurentianus
1019 950 1096 1020 plutei
1103 950 1186 1005 XLVll

114 1028 162 1091 36,
181 1029 223 1099 qui
239 1045 304 1084 nune
314 1046 377 1085 unus
388 1031 497 1085 omnium
508 1031 625 1085 librorum
636 1046 708 1086 manu
719 1032 864 1100 scriptomm
874 1033 998 1104 integmm
1012 1048 1100 1088 novem
1110 1034 1185 1089 libre·

113 1126 166 1166 rum
183 1127 311 1168 numerum
328 1120 402 1170 tenet.
424 1116 445 1168 is
467 1120 504 1169 ast
524 1115 721 1170 membranaceus
742 1116 820 1170 forma
841 1117 955 1188 quadrata
975 1118 1071 1172 saeculo
1089 1118 1183 1173 decimo

110 1196 230 1265 scriptus,
253 1198 450 1268 quaternionibus
463 1198 570 1253 sedecim
580 1205 605 1253 et
616 1200 728 1269 quinione
739 1215 802 1264 uno,
827 1200 868 1270 qui
885 1207 922 1254 est
938 1200 1046 1256 ultimus.
1073 1202 1184 1275 singulae

110 1281 217 1351 paginae
227 1281 296 1336 initio
308 1281 590 1345 immersionem,
612 1282 698 1336 deinde
709 1281 790 1345 XXV,
811 1289 934 1352 pestremo
946 1284 1032 1339 lllllll.
1055 1292 1092 1340 est
1103 1292 1183 1340 autem

110 1364 189 1418 codex
211 1364 241 1417 ab
258 1364 344 1418 eodem
360 1364 456 1419 librario
474 1365 579 1434 scriptus
597 1365 729 1436 eodemque
745 1367 843 1420 omnino
860 1365 943 1420 babitu
961 1373 1032 1436 atque
1050 1369 1126 1422 Taciti
1140 1384 1183 1422 sex

109 1447 229 1502 libromm
240 1448 360 1502 annalium
372 1448 457 1503 codex.
480 1447 544 1503 tituli
554 1464 610 1503 eum
620 1449 736 1503 libromm
746 1456 799 1504 tum
812 1450 968 1518 epistulamm
981 1449 1070 1521 ubique
1081 1451 1183 1522 diligen·

109 1538 148 1586 ter
159 1532 252 1586 exarati
261 1540 326 1597 sunt,
337 1533 383 1587 nisi
393 1533 458 1604 quod
468 1533 492 1588 in
503 1533 572 1588 initio
583 1534 653 1603 primi
663 1533 716 1588 libri
728 1533 826 1588 nomine
840 1534 929 1590 omisso
942 1533 1032 1606 legitur
1043 1533 1184 1590 ‘EPISTU-

110 1614 181 1669 [ΑΒ.
199 1616 259 1670 tle.
271 1616 304 1671 l.’
337 1619 478 1672 terminatur
495 1619 520 1672 in
537 1619 639 1689 epistula
649 1618 725 1683 Vllll,
738 1622 785 1683 26,
798 1622 815 1675 8
832 1617 869 1673 his
883 1618 961 1673 verbis
973 1620 983 1649 ‘
993 1625 1017 1673 et
1035 1619 1091 1674 alibi
1100 1615 1182 1672 Ense

110 1697 163 1753 ΑΕ
185 1697 359 1757 ΘΙΜΛΙΜ
377 1693 472 1777 illuit
497 1696 727 1779 EPISTULARUM}
746 1701 849 1756 LIBER.
862 1702 955 1759 Ullll’,
972 1704 997 1757 in
1014 1710 1098 1758 octavo
1110 1703 1180 1767 libro,

109 1799 182 1854 quem
192 1786 315 1856 integrum
331 1786 416 1851 habet,
433 1787 551 1856 scriptura
569 1787 660 1842 codicis
670 1787 704 1841 ita
715 1789 835 1843 consentit
846 1802 902 1842 cum
913 1787 942 1841 iis
952 1802 1013 1858 quae
1026 1788 1056 1843 de
1066 1789 1107 1843 illo
1119 1787 1181 1842 libro

109 1870 201 1936 primus
211 1867 377 1924 Seburenerus
394 1871 466 1925 edidit
482 1878 523 1936 ut,
538 1871 585 1926 nisi
595 1871 680 1926 lacuna
690 1870 799 1941 impressi
810 1871 914 1941 exempli
925 1871 1031 1927 obstaret
1042 1887 1089 1943 quo
1101 1872 1181 1925 minus

110 1958 176 2006 certo
194 1954 387 2021 pronuntiarem,
411 1955 476 2008 hunc
491 1957 571 2024 ipsum
587 1971 601 2009 a
617 1954 768 2010 Schurenero
787 1971 927 2026 expressum
948 1970 1001 2010 esse
1019 1955 1178 2011 adfirmarem.

107 2036 201 2105 primus
212 2042 307 2101 autem,
319 2037 384 2106 quod
394 2039 476 2101 sciam,
489 2039 551 2092 inter
562 2038 634 2091 italos
645 2053 674 2092 eo
685 2040 770 2093 codiee
781 2056 840 2094 usus
851 2039 932 2094 estio.
943 2039 1016 2094 Maria
1029 2039 1179 2102 Catanaeus3

110 2120 150 2190 qui
168 2133 242 2188 quem
257 2119 283 2171 in
300 2119 405 2172 secunda
415 2118 486 2172 Plinii
503 2119 607 2173 editione
623 2135 685 2173 anno
703 2125 773 2178 1518
788 2122 917 2176 blediolani
933 2122 997 2176 iacta
1014 2123 1096 2190 (antea
1117 2123 1181 2176 enirn

108 2217 173 2255 anno
186 2202 255 2256 1506
269 2199 374 2254 Plinium
389 2201 521 2268 ediderat),
538 2201 689 2270 pontificium
701 2203 809 2256 codicem
820 2204 879 2257 dicit
895 2210 919 2256 et
937 2218 993 2256 eum
1003 2205 1108 2274 quinque
1120 2204 1181 2258 Cor·

106 2285 165 2340 nelii
176 2285 252 2339 Taciti
263 2282 331 2338 libris
341 2299 417 2354 nuper
428 2284 530 2339 inventis
540 2285 696 2339 coniunctum
708 2283 782 2337 brisse
792 2285 832 2348 ait,
845 2286 867 2338 is
877 2283 1004 2338 allediceo
1017 2300 1065 2339 non
1074 2286 1182 2339 diversus

109 2375 153 2423 est.
176 2383 233 2422 nam
244 2367 287 2423 illo
298 2374 408 2437 tempore
420 2367 490 2422 Plinii
507 2368 585 2424 codex
603 2384 649 2422 nna
660 2383 717 2423 com
727 2367 826 2438 reliquis
840 2367 1004 2422 Medieeomm
1013 2367 1081 2421 libris
1091 2365 1183 2420 Romae

108 2459 168 2507 erat.
201 2458 287 2522 postea
304 2450 417 2506 Nicolaus
433 2453 545 2507 Heinsius
568 2467 624 2506 eum
647 2453 749 2508 contulit
764 2467 820 2506 cum
845 2451 955 2521 exemplo
976 2451 1076 2514 Aldine,
1099 2465 1113 2503 e
1134 2464 1182 2520 quo

109 2537 256 2606 exscriptam
266 2537 398 2605 scripturae
413 2537 596 2608 discrepantiam
612 2537 695 2600 habuit
708 2536 813 2592 Gortius.
846 2551 903 2591 cum
916 2535 965 2590 hoc
977 2536 1053 2607 igitur
1069 2534 1130 2589 libro
1148 2533 1182 2588 ita

109 2621 168 2676 iacit
177 2620 307 2675 Vaticanus
317 2621 394 2677 codex
408 2628 435 2676 ut
446 2629 575 2693 utrumque
586 2637 617 2676 ex
628 2638 676 2676 nno
688 2621 817 2693 exemplari
827 2620 975 2689 descriptum
991 2634 1044 2674 esse
1060 2624 1181 2689 appareat.

108 2706 133 2759 in
145 2721 193 2775 quo
206 2720 267 2775 quae
279 2705 424 2759 membranis
434 2706 525 2777 aliquot
535 2707 635 2776 perditis
644 2706 744 2776 periisse
755 2705 804 2760 dixi
815 2710 872 2759 sunt
881 2704 942 2758 lraee
952 2704 976 2767 Ι,
989 2707 1030 2768 16,
1047 2707 1062 2758 1
1074 2720 1129 2757 uero
1141 2730 1178 2767 -,

108 2793 156 2851 20.
170 2791 185 2845 7
198 2790 331 2844 demente:
345 2789 386 2854 lli,
400 2795 423 2853 1,
437 2795 466 2845 ll
479 2790 528 2860 suit
544 2789 601 2844 obiit
613 2817 650 2828 —
665 2790 695 2852 3,
708 2795 723 2844 6
735 2789 828 2844 oredm
840 2788 980 2860 petessllL
993 2791 1022 2851 8,
1035 2789 1053 2842 4
1066 2794 1109 2842 est.
1125 2785 1181 2841 Vale

109 2901 151 2909 —
168 2876 197 2938 9,
217 2877 251 2931 28
268 2873 323 2928 dici
338 2874 470 2944 ditiqenter.
503 2875 611 2929 llediceo
623 2880 704 2927 autem
716 2880 740 2927 et
750 2874 864 2927 Vaticano
875 2872 951 2926 codici
964 2873 1033 2936 olim,
1052 2887 1108 2926 cunr
1124 2878 1181 2941 post

108 2955 294 3013 Observationes
310 2958 405 3011 criticas
418 2959 443 3011 in
460 2956 578 3012 Catonem
594 2964 619 3012 et
628 2959 758 3012 Varronem
774 2973 798 3026 p.
811 2958 845 3014 86
862 2972 906 3028 sqq
922 2957 952 3011 de
966 2956 1037 3011 Plinii
1057 2954 1181 3011 codicibus

107 3041 224 3112 quaedam
242 3041 399 3105 adnotabam,
422 3042 520 3096 tertium
531 3042 685 3096 adiunxeram
697 3041 844 3113 pragensem
856 3041 972 3095 codicem.
1002 3040 1072 3095 euius
1093 3039 1180 3093 eximia

106 3141 180 3196 quarn
191 3125 284 3179 scilieet
294 3125 422 3179 laudabant
435 3127 579 3195 praestantia
591 3141 647 3180 eum
656 3142 706 3180 non
722 3126 801 3181 solum
811 3125 940 3195 Pragensis
956 3124 1045 3186 editor,
1068 3124 1126 3176 artis
1142 3122 1179 3173 in·

106 3208 207 3263 seientia
229 3210 319 3279 pariter
336 3215 409 3280 atque
423 3209 588 3264 imbecillitate
604 3210 686 3264 iudicii
704 3209 829 3272 notabilis,
858 3215 943 3277 eaptus
959 3215 1035 3267 esset,
1053 3204 1096 3258 sed
1114 3204 1180 3259 docti

107 3294 180 3347 etiam
199 3293 309 3347 homines
327 3294 428 3362 turpiter
445 3308 472 3346 se
487 3293 538 3347 falli
555 3299 579 3347 et
598 3294 627 3347 ad
644 3294 704 3346 mira
715 3293 831 3363 quaedam
852 3295 988 3345 commenta
1009 3287 1095 3342 adduci
1116 3288 1180 3359 passi

105 3383 199 3440 essent,
223 3377 256 3431 ita
276 3378 367 3431 iustum
391 3377 495 3446 pretium
512 3377 573 3431 libro
593 3383 698 3430 statuere
715 3375 774 3429 mihi
790 3374 887 3428 videbar
902 3380 930 3426 ut
946 3387 976 3425 ex
992 3372 1079 3427 eodem
1093 3386 1181 3429 novem

105 3459 223 3515 librorum
243 3461 352 3531 exempla
359 3461 373 3487 ·’
392 3476 406 3514 e
422 3476 469 3532 quo
487 3459 609 3514 biediceus
626 3467 650 3513 et
660 3460 789 3513 Vaticanus
805 3457 933 3510 duxissent
949 3457 1109 3528 neglegenter
1125 3470 1183 3510 eum
