2588 4116
248 235 308 298 103
673 232 705 293 0.
729 232 826 292 PblNl

246 388 299 448 ista
314 387 348 447 ad
367 397 505 447 mortuum
520 387 680 464 pertinent,
703 384 754 445 sed
769 386 980 463 pertinuerunt,
1002 402 1065 443 cum
1080 394 1252 462 moreretur,

247 475 390 549 pertinent
411 469 445 530 ad
460 469 514 530 bos
530 471 578 547 qui
593 478 754 547 supersunt.
778 465 837 526 lam
851 467 927 547 quod
941 470 970 526 in
991 467 1061 528 llore
1083 471 1173 545 primo
1192 479 1251 529 tan·

245 564 292 614 tae
309 553 411 614 indolis
429 555 538 614 iuvenis
555 553 697 613 extinctus
714 562 776 627 est,
798 569 906 612 summa
922 560 1139 628 consecuturus,
1157 554 1181 612 si
1195 555 1250 610 vir·

222 641 323 699 5tutes
343 640 404 697 eius
419 638 628 696 maturuissent.
659 635 723 709 Quo
745 634 794 694 ille
813 634 967 694 studiorum
988 653 1084 695 amore
1101 635 1252 712 flagrabat!

249 732 382 799 quantum
395 720 483 797 legit,
506 728 639 797 quantum
654 722 737 779 etiam
753 717 883 796 scripsit!
905 735 978 797 quae
990 737 1064 779 nunc
1080 722 1171 778 omnia
1189 730 1278 779 cumo

222 804 311 883 iipso
333 807 394 864 sine
415 803 509 862 fructu
531 804 707 880 posteritatis
722 802 859 862 abierunt.
891 802 950 861 Sed
961 802 1028 880 quid
1043 820 1099 880 ego
1114 801 1252 880 indulgeo

248 884 360 947 dolori?
385 889 430 946 eui
444 888 469 946 si
489 886 586 946 frenos
606 888 748 963 remittas,
770 884 846 944 nulla
862 887 977 946 materia
991 903 1047 946 non
1063 889 1181 946 maxima
1196 897 1251 947 est.

247 969 345 1030 Finem
362 968 503 1048 epistulae
516 968 633 1046 faciam,
656 979 686 1030 ut
700 970 797 1029 lacere
815 971 923 1046 possim
940 972 1023 1030 etiam
1040 968 1162 1030 lacrimis
1182 989 1251 1050 quas

247 1053 370 1132 epistula
384 1054 537 1132 expressit.
572 1051 653 1112 Vale.

1261 1152 1274 1201 1

464 1414 502 1497 o.
533 1412 645 1494 rrum
676 1412 835 1494 cauom
866 1408 1041 1494 saeuum

367 1578 1135 1695 bristo-tntilli
1262 1579 1290 1632 ¹³

616 1771 713 1826 LIBER
736 1771 879 1826 SEXTUS.

736 1932 758 1992 1.

541 2032 566 2082 C.
587 2033 712 2084 PLINIUS
731 2031 839 2082 TIRONI
857 2031 916 2082 SUO
934 2032 959 2081 S.

1193 1986 1195 1991 ’
1260 1991 1290 2042 10

226 2144 239 2194 1
314 2132 462 2206 Quamdiu
477 2152 533 2212 ego
549 2145 625 2196 trans
637 2135 750 2212 Padum,
763 2145 793 2196 tu
807 2137 835 2194 in
846 2134 963 2211 Piceno,
976 2137 1066 2195 minus
1082 2145 1111 2195 te
1126 2138 1253 2213 requiro·

249 2217 328 2277 bam:
344 2228 494 2296 postquam
511 2237 568 2297 ego
585 2221 613 2279 in
629 2221 710 2297 urbe,
726 2229 756 2278 tu
772 2219 863 2278 adbuc
874 2221 903 2277 in
913 2217 1030 2294 Piceno,
1042 2219 1130 2278 multo
1146 2221 1253 2296 magis;

250 2320 302 2361 scu
318 2302 394 2380 quod
409 2302 556 2379 ipsaloca
575 2305 603 2361 in
624 2304 726 2381 quibus
747 2321 814 2362 esse
829 2318 883 2359 una
899 2300 1025 2359 solemus
1042 2304 1134 2360 acrius
1151 2321 1197 2362 me
1214 2305 1254 2363 tui

251 2393 446 2460 commonent,
467 2404 519 2445 seu
539 2385 614 2461 quod
635 2385 805 2444 desiderium
825 2383 982 2442 absentium
997 2380 1065 2439 nihil
1081 2384 1200 2459 perinde
1219 2404 1291 2456 acne

249 2468 377 2525 vicinitas
399 2468 491 2542 acuit,
515 2484 629 2543 quoque
652 2468 768 2543 propius
788 2465 948 2524 accesseris
970 2462 1004 2521 ad
1025 2482 1105 2541 spem
1127 2464 1254 2547 fruendi,

225 2548 306 2606 ahoe
326 2549 514 2624 impatientius
540 2566 645 2607 careas.
683 2546 824 2625 Quidquid
844 2548 871 2604 in
893 2564 995 2623 eausa,
1017 2551 1097 2626 eripe
1119 2568 1164 2609 me
1186 2550 1254 2612 bulo

248 2639 404 2688 tormento:
420 2631 496 2707 veni,
509 2639 556 2687 aut
572 2647 628 2706 ego
644 2629 713 2688 illuc
724 2630 798 2689 unde
815 2629 975 2692 inconsulte
990 2636 1142 2711 properavi
1154 2652 1253 2695 rever·

248 2722 301 2789 tar,
315 2710 363 2772 vel
379 2712 415 2771 ob
431 2711 486 2771 boo
501 2711 592 2770 solum
609 2722 638 2773 ut
650 2716 780 2791 experiar
794 2732 827 2773 an
842 2713 919 2792 mibi,
939 2734 1002 2775 cum
1013 2718 1074 2776 sine
1086 2736 1131 2777 me
1144 2716 1252 2779 Romae

249 2798 382 2873 coeperis
400 2813 478 2873 esse,
495 2794 602 2855 similes
617 2795 660 2856 bis
675 2797 813 2875 epistulas
831 2801 933 2860 mittas.
966 2800 1047 2861 Vale.

731 2931 768 2991 11.

520 3029 547 3083 C.
567 3030 692 3081 PLlNlUS
708 3032 855 3083 ARRIANO
873 3031 932 3083 SUO
952 3032 977 3086 S.
1018 3070 1021 3079 .

221 3137 235 3187 1
309 3131 397 3192 Soleo
412 3150 631 3213 nonnumquam
647 3137 673 3194 in
688 3136 798 3198 iudiciis
811 3155 950 3215 quaerere
963 3136 1000 3196 M.
1013 3136 1166 3215 Regulum,
1181 3138 1250 3198 nolo
1267 3171 1268 3174 κ

220 3217 321 3274 2enim
336 3215 449 3295 dicere,
473 3218 645 3280 desiderare.
681 3218 739 3279 Gur
757 3238 827 3298 ergo
843 3218 970 3300 quaero?
1003 3221 1131 3281 Habebat
1149 3222 1277 3290 studiis3

246 3299 401 3378 honorem,
423 3303 556 3380 timebat,
578 3303 719 3381 pallebat,
741 3305 901 3382 scribebat,
923 3308 1048 3382 quamvis
1072 3323 1128 3364 non
1148 3315 1251 3383 posset

247 3381 387 3444 ediscere.
422 3385 495 3445 lllud
517 3389 626 3466 ipsum,
650 3388 726 3464 quod
740 3388 853 3447 oculum
867 3388 951 3447 modo
967 3388 1096 3449 dextrum
1110 3388 1195 3448 modo
1212 3392 1249 3449 si-

244 3467 362 3526 nistrum
377 3469 606 3550 circumlinebat,
631 3470 777 3551 dextrum,
800 3474 824 3532 si
843 3474 1014 3551 apetitore,
1038 3471 1174 3554 alterum,
1190 3476 1215 3534 si
1234 3491 1250 3532 a
