2588 4116
114 198 178 258 ‘223
417 193 451 255 C.
473 195 572 256 PIINI
593 194 643 255 ΕΤ
663 193 821 255 TRAIANI

115 349 335 409 vindicationem
349 348 487 407 bonorum
505 366 520 406 a
538 348 604 408 diro
621 348 753 424 Augusto
766 346 920 422 adfirmant,
940 345 1064 407 debebis
1079 365 1128 407 ua-

118 451 184 493 care
206 434 361 493 contractis
382 432 511 492 omnibus
530 433 663 510 personis
678 430 714 490 ad
729 430 805 489 idem
819 433 965 507 negotium
979 433 1127 508 pertinen·

117 518 212 593 tibus,
241 516 373 576 adhibitis
391 515 490 575 l'irdio
510 513 670 574 Gemellino
686 522 714 573 et
728 513 902 593 Epimacho,
923 512 1028 574 liberto
1047 532 1126 592 meo,

118 602 369 679 procuratoribus,
391 608 421 659 ut
442 599 597 658 aestimatis
618 600 703 657 etiam
723 599 759 657 iis
780 616 853 675 quae
875 599 1127 659 contradicuntur

120 684 196 763 quod
212 687 348 763 optimum
363 682 543 743 credideritis
556 684 696 742 statuatis.
1136 686 1151 737 5

485 814 621 876 uxxxu
645 814 759 893 [murt

340 916 368 970 C.
385 915 512 967 PLINIUS
527 914 671 965 TRAIANO
688 914 897 969 luessnttoal.

181 1016 347 1095 Mammam,
370 1015 503 1077 libertum
524 1026 553 1077 et
568 1027 783 1095 procuratorem
797 1025 891 1093 tuum,
917 1015 1048 1094 domine,
1071 1037 1126 1096 per

120 1121 203 1163 omne
216 1111 330 1180 tempus
345 1118 402 1180 quo
417 1100 519 1161 ininius
534 1119 590 1160 una
604 1102 725 1180 probum
740 1110 769 1161 et
781 1101 947 1161 industrium
961 1110 992 1160 et
1002 1101 1124 1179 diligen·
1134 1111 1164 1162 lo

120 1197 179 1247 tem
196 1205 231 1246 ac
252 1186 325 1245 sicut
346 1187 389 1246 rei
408 1195 473 1246 tuae
495 1186 714 1247 amantissimum
730 1187 769 1245 ita
791 1182 957 1263 disciplinae
973 1187 1124 1246 tenacissi-

121 1289 194 1330 mum
211 1280 367 1349 exponas,
389 1270 512 1330 libenter
526 1270 601 1348 apud
616 1279 646 1331 te
661 1269 825 1331 testimonio
841 1283 1003 1347 prosequor
1019 1288 1054 1330 ca
1069 1270 1124 1330 lide

121 1373 204 1434 quam
219 1355 270 1415 tilti
287 1354 391 1415 debeo.

466 1488 616 1550 cxxxvi
640 1486 768 1566 [nuru]

343 1588 369 1640 G.
391 1588 515 1638 PLINIUS
532 1585 675 1637 TRAIANO
690 1586 897 1638 IMPERATORI.

97 1707 110 1757 1
187 1690 303 1751 Gabium
317 1690 451 1764 Bassum,
465 1690 593 1768 domine,
609 1688 786 1769 praelectum
804 1707 872 1751 orae
889 1689 1037 1766 Ponticae,
1054 1690 1124 1749 inte·

123 1793 221 1853 grum,
243 1773 379 1851 probum,
399 1774 580 1851 industrium,
603 1783 689 1851 atque
704 1775 779 1834 inter
793 1774 848 1834 ista
861 1774 1124 1834 reverentissimum

122 1858 178 1916 mei
191 1865 338 1937 expertus,
352 1866 420 1918 voto
432 1857 538 1935 pariter
550 1867 578 1916 at
590 1857 725 1935 suffragio
743 1874 906 1937 prosequor
924 1875 958 1917 ea
972 1856 1028 1917 lide
1044 1875 1125 1935 quam

123 1941 172 2002 tibi
190 1938 283 2001 debeo
304 1949 322 2011 †
340 1958 423 2019 quam
444 1959 567 2021 eaquae
585 1950 684 2021 speret
698 1941 865 2004 instructum
881 1940 1046 2002 commilitio
1063 1951 1163 2017 tuo,to

96 2027 203 2091 tonius
220 2024 387 2104 disciplinae
406 2025 492 2088 debet
507 2026 583 2105 qnod
596 2025 770 2104 indulgentia
784 2037 832 2088 tua
847 2026 947 2104 dignus
962 2033 1016 2085 est.
1039 2023 1124 2103 Apud

123 2128 168 2171 me
184 2118 213 2171 et
227 2109 331 2171 milites
345 2120 374 2171 et
387 2111 500 2192 pagani,
516 2129 533 2172 a
547 2112 649 2191 quibus
665 2113 769 2173 iustitia
784 2113 845 2172 eius
860 2121 889 2172 et
904 2110 1058 2170 humanitas
1074 2126 1125 2187 pe·

122 2194 197 2256 nitus
212 2195 343 2275 iuspecta
361 2205 422 2275 est,
442 2198 570 2258 certatim
588 2199 615 2256 ei
631 2215 685 2276 qua
700 2198 829 2274 privatim
844 2213 898 2274 qua
912 2192 1029 2271 publice
1044 2194 1126 2252 testi·

122 2281 214 2340 monia
235 2281 454 2359 pertribuerunt.
489 2280 573 2355 Quod
596 2282 623 2341 in
646 2282 770 2340 notitiam
791 2290 865 2338 tuam
886 2276 1002 2352 periero
1018 2294 1052 2334 ea
1069 2276 1125 2336 inde

123 2380 206 2441 (paam
222 2364 272 2424 tihi
291 2363 393 2426 debeo.
852 2398 855 2403 ·
1136 2369 1167 2420 25

454 2489 779 2567 summutantur]
875 2480 877 2484 ‘

345 2592 372 2645 G.
393 2590 518 2642 PLINIUS
534 2588 679 2639 TRAIANO
696 2586 903 2640 IMPERATORI.

96 2710 108 2761 1
184 2693 382 2774 Nymphidium
395 2693 515 2773 Lupum,
529 2693 652 2773 domine,
670 2692 887 2774 primIpilarem,
904 2692 1126 2753 commilitonem

122 2779 223 2857 habui,
241 2797 304 2838 cum
317 2778 380 2858 ipse
396 2779 523 2840 tribunus
539 2796 652 2857 essem,
667 2778 718 2840 ille
732 2779 911 2858 praefectus:
928 2777 993 2836 inde
1008 2776 1124 2837 familia·
1134 2792 1169 2847 30

121 2866 190 2925 riter
211 2861 330 2941 diligere
352 2862 445 2942 coepi.
479 2860 577 2924 Creuit
594 2873 695 2942 postea
714 2864 814 2923 caritas
835 2863 897 2941 ipsa
917 2871 1028 2921 mutuae
1043 2872 1125 2921 vetu-
1146 2872 1147 2875 ’

98 2956 197 3013 totale
219 2947 367 3009 amicitiae.
398 2946 497 3028 ltaque
519 2957 548 3008 et
564 2950 652 3029 quieti
673 2950 734 3009 eius
753 2948 838 3007 inieci
858 2963 968 3007 manum
988 2955 1018 3005 et
1039 2949 1126 3024 exegi

123 3042 153 3095 ut
168 3050 213 3094 me
229 3034 256 3093 in
270 3030 399 3108 Bithynia
416 3029 537 3094 consilio
554 3034 716 3094 instrueret.
747 3030 831 3105 Quod
848 3030 898 3092 ille
913 3031 1081 3091 amicissime
1097 3040 1126 3090 et
1192 3056 1195 3061 ·

124 3118 173 3179 otii
188 3129 217 3180 et
234 3117 389 3179 senectutis
404 3117 513 3178 ratione
528 3118 688 3195 postposita
703 3125 732 3177 et
747 3117 801 3176 iam
811 3116 880 3176 iecit
892 3126 921 3177 et
933 3115 1057 3176 facturus
1070 3125 1124 3175 est.

98 3202 234 3276 tQuibus
249 3222 287 3264 ex
303 3204 396 3263 causis
408 3200 635 3263 necessitudines
648 3201 710 3261 eius
721 3202 795 3261 inter
804 3218 882 3262 meas
893 3218 1021 3277 numero,
1039 3199 1125 3258 lilium
1135 3215 1169 3270 35

124 3287 153 3345 in
168 3290 282 3365 prinrls,
299 3286 496 3366 Nymphidium
513 3284 639 3365 Lupum,
660 3287 792 3347 iuvenem
807 3287 945 3365 probum,
961 3283 1126 3344 industrium

124 3376 153 3425 ct
168 3372 288 3445 egregio
302 3381 384 3448 patra
406 3369 617 3449 dignissimum,
638 3369 822 3431 suffecturum
839 3368 1029 3448 indulgentiae
1045 3377 1127 3439 tuae:

124 3450 198 3508 sicut
212 3452 310 3528 primis
332 3454 393 3513 eiua
415 3455 619 3533 experimentis
642 3472 822 3533 cognoscere
843 3463 946 3533 potes,
966 3471 1028 3513 cum
1044 3469 1128 3530 prae·

1064 1538 1160 1613 ,15
