2588 4116
38 215 39 218 ¹
117 201 167 240 v111
534 191 768 245 PRAEFATIO.

117 345 265 417 descriptum
275 346 448 402 essedicerem.
469 361 535 402 nunc
543 362 609 410 uero,
616 346 724 403 illedieee
736 353 761 402 et
771 346 885 403 Vaticano
892 347 1015 404 codicibus
1025 353 1075 403 tam
1085 350 1145 403 inter
1156 363 1183 402 se

115 445 187 503 quam
198 445 255 486 cnm
265 429 394 503 Pragensis
404 430 459 487 libri
469 431 593 501 scripturis
604 430 704 495 colatis,
717 445 748 485 er
759 432 811 501 ipse
819 431 934 496 ldedicee,
946 437 1002 486 ante
1013 447 1084 504 quam
1097 434 1122 489 in
1132 432 1182 487 lta-

114 515 172 570 liam
184 515 367 580 transferretur,
379 529 393 570 a
404 513 545 571 Germanice
556 513 652 570 librarlo
664 513 811 585 Pragensem
821 514 968 585 descriptum
980 531 1033 570 esse
1045 516 1183 573 certissimis

115 600 265 672 argumentis
276 598 429 670 deprehendi
450 615 497 671 que
507 598 607 670 negotio
622 613 670 652 nen
680 599 759 653 selum
771 613 827 652 cum
838 613 932 653 summa
942 599 1099 672 neglegentia
1111 600 1183 655 libra-

114 685 164 739 rius
175 684 274 740 functus
284 691 334 748 est,
356 683 399 739 sed
417 683 488 738 etiam
500 682 623 751 complura
634 696 690 736 cum
700 683 752 752 ipse
762 683 858 737 novavit
868 689 920 738 tum
931 697 945 737 e
958 690 1060 759 centum
1066 683 1182 739 librorum

116 769 213 837 codice,
235 785 283 839 quo
292 773 415 838 praeterea
425 781 483 822 usus
495 772 538 831 ost,
550 766 639 821 intulit.
661 767 742 838 itaque
753 765 810 821 huic
820 766 917 837 quidem
928 766 1006 822 codici
1016 768 1109 823 nullam
1120 768 1183 821 inter

114 853 189 909 libres
200 867 273 906 manu
288 852 392 921 scriptos
406 851 572 905 austeritatem
582 849 733 906 tribuendam
744 865 797 905 esse
811 850 873 905 dice.
905 851 949 906 sed
965 857 1040 906 restat
1059 858 1183 921 praeterea

115 937 175 992 alius
191 935 281 1002 codex,
299 935 329 991 de
346 949 393 1006 quo
404 934 524 990 difficilius
538 940 575 989 ast
590 934 719 1000 iudicium,
737 949 791 990 eum
804 935 857 990 dice
869 949 884 989 e
894 951 941 1008 quo
953 951 1015 990 anno
1028 939 1097 994 1508
1107 935 1182 990 Aldus

115 1025 226 1074 octauam
237 1019 325 1074 librum
335 1018 427 1090 primus
437 1024 462 1074 et
472 1020 594 1090 integrum
605 1017 679 1074 edidit
689 1026 712 1074 et
730 1034 774 1073 suo
792 1020 847 1074 lece
867 1020 979 1074 restituit.
1007 1019 1037 1074 de
1056 1035 1085 1076 eo
1106 1020 1181 1090 igitur

113 1104 188 1158 Aldus
198 1104 329 1174 inepistula
341 1104 371 1159 ad
381 1103 496 1159 illeisium
513 1102 785 1158 Mecenicumllenetum
796 1103 850 1158 data
860 1102 921 1158 haec
932 1103 1005 1158 habet
1023 1102 1084 1159 ‘Sed
1095 1119 1178 1174 exque

114 1193 142 1242 tu
154 1202 169 1241 e
181 1187 257 1243 Gallia
270 1213 309 1224 —
319 1187 363 1243 has
373 1186 443 1256 Plinii
455 1186 568 1258 epistolas
578 1187 603 1242 in
614 1186 706 1241 ltaliam
716 1187 857 1257 reportasti,
881 1188 907 1241 iu
918 1188 1057 1242 membrana
1070 1187 1176 1256 scriptas

114 1277 185 1343 atque
196 1272 255 1327 adeo
267 1271 366 1327 disemis
378 1286 392 1325 a
402 1273 489 1328 nostris
498 1270 681 1336 characteribus,
692 1277 720 1326 ut
729 1271 775 1326 nisi
787 1270 840 1343 quis
850 1270 891 1326 diu
903 1273 1040 1335 assueverit,
1052 1287 1101 1325 nen
1109 1278 1179 1341 queat

112 1355 204 1428 legere,
219 1356 288 1426 coepi
301 1370 397 1426 sperare
411 1356 498 1413 mimm
508 1358 533 1412 in
543 1356 656 1420 modurn,
672 1356 724 1411 lore
735 1361 812 1410 aetate
822 1361 912 1420 nestra,
923 1361 950 1415 ut
960 1355 1055 1424 plurimi
1067 1370 1097 1408 ex
1109 1354 1180 1408 benis

113 1440 245 1506 autoribus,
257 1456 318 1511 quos
328 1457 377 1495 nen
389 1447 471 1496 extare
482 1441 607 1504 credimus,
619 1440 775 1495 inveniantur.
797 1438 840 1494 list
852 1440 916 1494 enim
921 1439 1035 1493 volumen
1046 1439 1125 1507 ipsum
1131 1454 1179 1492 nen

112 1525 192 1579 selum
203 1523 419 1588 correctissimum,
441 1525 484 1579 sed
495 1525 566 1578 etiam
575 1524 607 1577 ita
618 1524 755 1593 antiquum,
780 1529 807 1578 nt
817 1529 901 1593 putem
912 1523 1027 1591 scripturn
1038 1521 1107 1576 Plinii
1118 1529 1180 1576 tem-

112 1608 219 1677 poribus.
232 1635 272 1646 -
283 1607 355 1663 Nunc
367 1614 455 1675 autem,
467 1608 531 1678 qued
545 1621 680 1675 pessumus,
690 1605 763 1662 hasce
775 1605 879 1660 Secundi
890 1606 1002 1675 epistolas
1012 1605 1179 1676 damus-quam

112 1691 344 1755 correctissimas,in
359 1691 445 1763 quibus
459 1690 531 1745 etiam
541 1691 632 1745 multae
645 1696 709 1754 sunt,
722 1690 889 1761 quaeantehae
897 1688 1108 1745 nonhabebuntur,
1130 1687 1178 1744 Sed

111 1774 156 1830 tibi
169 1775 289 1845 inprimis
302 1773 411 1830 habenda
425 1780 463 1830 est
479 1774 580 1845 plmima
591 1774 668 1846 gratia
681 1773 772 1845 inclyte
781 1773 870 1839 Aleisi,
892 1773 932 1844 qui
957 1773 1079 1842 exemplar
1100 1774 1178 1841 ipsum

112 1858 267 1928 epismlarum
283 1858 563 1930 repertastiinltaliam,
587 1857 692 1928 mihique
717 1857 815 1922 dedisti,
836 1863 864 1912 ut
885 1871 1001 1912 excusum
1021 1857 1177 1927 publicarem.

111 1941 205 1998 Deinde
214 1943 323 1999 lucundo
336 1943 467 1998 Veronensi
475 1943 531 1998 Viro
542 1941 659 2014 singulari
678 1942 791 2014 ingenio,
812 1955 842 1996 ac
854 1942 972 1998 bonarum
980 1941 1114 1995 litterarum
1126 1947 1177 1995 stn-

61 2020 70 2029 ”
111 2026 263 2094 diosissimc,
286 2028 350 2098 quod
371 2033 395 2082 et
413 2028 509 2083 easdem
526 2026 631 2082 Secundi
653 2026 766 2095 epistolas
783 2025 853 2081 abeo
868 2025 1060 2096 ipseexemplari
1072 2040 1085 2077 a
1098 2025 1178 2079 sede-

111 2112 248 2182 scriptasiu
260 2109 336 2167 Gallia
346 2111 476 2183 diligenter
484 2120 512 2168 ut
522 2111 580 2167 lacit
589 2111 684 2175 emnia,
706 2117 731 2165 et
753 2126 797 2166 serr
822 2111 867 2165 alia
883 2111 1004 2165 volumina
1023 2108 1177 2179 epistolarum

110 2196 198 2267 partim
209 2196 393 2266 manuscripta,
410 2197 498 2267 partim
508 2197 623 2267 impressa
633 2195 743 2267 quidem,
761 2195 804 2250 sed
817 2210 873 2250 cum
884 2195 988 2266 antiquis
998 2195 1085 2248 collata
1095 2208 1176 2248 erem-

110 2280 228 2351 plaribus,
241 2281 271 2337 ad
281 2295 322 2336 me
334 2280 385 2351 ipse
396 2296 440 2336 sua
449 2288 549 2353 sponte,
566 2295 628 2351 quae
639 2281 713 2350 ipsius
724 2286 761 2334 est
772 2294 828 2349 erga
839 2279 961 2333 studioses
972 2278 1064 2331 omneis
1073 2277 1178 2332 beneve-

110 2365 196 2434 lentia,
208 2366 376 2437 adportaverit,
388 2364 460 2435 idque
469 2366 565 2420 biennio
577 2369 638 2426 aute,
650 2379 722 2433 quarn
732 2369 758 2416 tu
768 2363 846 2430 ipsum
857 2360 916 2414 mihi
927 2360 1048 2428 exemplar
1053 2360 1177 2429 publican-

111 2451 168 2506 dum
185 2450 330 2506 tradidisses.
364 2447 460 2502 Excunt
480 2448 555 2518 igitur
571 2446 616 2499 hae
626 2445 695 2499 Plinii
713 2444 826 2513 epistolae
843 2444 868 2497 in
884 2457 969 2497 manus
985 2443 1134 2498 literatorum
1153 2448 1173 2498 el

111 2541 152 2589 tua
163 2540 188 2588 et
198 2532 298 2587 luenndi
309 2531 384 2585 nestri
395 2531 420 2585 in
430 2530 485 2584 illos
494 2528 667 2593 benevolentia,
680 2527 893 2582 emendatissimos.
903 2554 947 2566 —
968 2525 1028 2582 Esse
1038 2534 1118 2581 autern
1129 2527 1177 2582 Pli-

109 2617 143 2670 nii
154 2616 267 2686 epimelas
277 2614 307 2668 ad
313 2613 454 2677 Timauum,
466 2613 547 2667 multis
557 2612 688 2667 rationibus
698 2611 793 2681 pmbari
804 2616 897 2681 petest,
915 2611 958 2666 sed
968 2611 1006 2665 his
1016 2611 1176 2682 potissimum.

109 2700 230 2764 Primum,
243 2698 298 2770 quia
308 2697 333 2752 iu
344 2696 508 2769 antiquissime
522 2697 651 2766 exemplari
664 2710 710 2751 uno
723 2711 779 2750 cum
794 2695 846 2750 aliis
860 2701 888 2751 ut
898 2712 943 2751 nes
953 2696 1123 2764 imprimendas
1135 2710 1177 2749 eu·

108 2785 226 2848 mmmm,
237 2782 283 2838 suh
293 2780 363 2836 Plinii
375 2779 480 2836 Secundi
491 2781 588 2836 nemine
598 2781 701 2850 scriptae
711 2786 783 2835 sunt’.
804 2780 938 2844 accuratIus
953 2785 1033 2835 autem
1042 2780 1084 2834 ubi
1094 2780 1177 2834 inven-

109 2874 150 2923 tus
160 2867 233 2924 luerit
243 2867 321 2922 ceder
331 2865 403 2921 decet
415 2864 555 2920 Guilielmus
566 2863 677 2920 Bndaeus
687 2864 751 2920 letus
761 2865 786 2919 in
797 2864 997 2920 Adnotatienibus
1008 2863 1034 2918 in
1043 2863 1176 2918 Pandectas

109 2967 171 3007 anne
184 2955 254 3009 1508
267 2950 371 3021 primum
382 2949 451 3004 editis
462 2949 531 3018 (uter
542 2948 646 3003 editione
654 2949 810 3021 Lugdunensi
821 2964 883 3004 aune
895 2951 963 3006 1563
974 2949 1064 3015 laeta),
1087 2947 1111 3000 in
1122 2947 1175 3017 qui-

108 3036 155 3092 bus
164 3051 221 3091 cum
231 3033 355 3104 complura
366 3032 492 3088 exeedem
504 3032 588 3087 codice
598 3032 716 3099 delibavi,
728 3039 782 3088 tum
792 3049 816 3104 p.
824 3036 882 3098 149,
894 3039 1021 3104 postquam
1032 3031 1062 3086 de
1073 3030 1175 3100 epistula

109 3121 202 3176 decima
211 3114 265 3176 libri
276 3117 354 3173 netad
365 3116 480 3188 quaedam
492 3116 608 3187 assmpsit,
621 3117 727 3173 ‘verum'
738 3118 816 3188 iuquit
824 3119 833 3149 ³
841 3118 902 3173 hace
913 3117 1013 3188 epistola
1022 3121 1047 3170 et
1057 3115 1117 3170 aliae
1126 3129 1175 3168 nen

107 3219 200 3279 paucae
210 3207 235 3260 in
247 3201 371 3259 codicibus
380 3201 503 3270 impressis
514 3215 563 3255 non
573 3200 699 3273 leguntur:
711 3218 756 3257 nes
766 3203 889 3274 intemum
900 3202 977 3258 ferme
986 3199 1089 3255 Plinium
1102 3198 1175 3254 habe-

108 3303 163 3343 mus
173 3290 278 3359 primum
288 3285 351 3356 apud
361 3284 465 3340 Parisios
473 3291 595 3354 repertum
606 3300 678 3355 opera
688 3286 789 3342 lucendi
798 3286 942 3350 sacerdotis,
953 3284 1057 3339 heminis
1068 3284 1175 3354 antiqua-

107 3371 143 3436 rii,
159 3371 331 3442 architectique
340 3366 449 3425 noblb’.
464 3368 538 3440 digna
546 3369 668 3439 praeterea
680 3385 740 3440 quae
750 3369 847 3441 legatur
853 3370 883 3425 de
893 3385 922 3424 eo
933 3368 1016 3424 codice
1027 3372 1063 3421 est
1074 3367 1175 3437 epistula

107 3454 220 3511 Gaianaei
238 3456 269 3510 ad
280 3452 421 3508 Sadeletum
432 3453 486 3508 data
503 3453 528 3507 iu
545 3453 650 3508 editione
667 3455 722 3508 anni
742 3457 818 3512 1518.
839 3468 895 3509 nam
915 3452 979 3524 qued
996 3450 1129 3521 descriptos
1146 3451 1176 3506 de
