2588 4116
412 146 670 207 EPISTULARUM
685 148 720 207 V.
743 157 767 211 t.
784 158 810 212 8.
1065 147 1107 212 97

100 298 176 365 rius;
190 297 268 358 nulla
281 302 440 360 necessitas
457 309 554 378 togae,
569 317 653 358 nemo
669 301 825 359 accersitor
840 317 876 360 ex
888 302 1031 378 proximo:
1048 302 1107 378 pla·

101 382 165 442 cida
182 383 273 443 omnia
288 392 317 442 et
335 385 525 461 quiescentia;
547 382 624 460 quod
644 384 735 461 ipsum
754 384 908 443 salubritati
929 385 1054 462 regionis
1077 395 1107 444 ut

100 466 199 544 purius
217 466 338 544 caelum,
354 476 384 526 ut
399 473 450 526 atr
465 465 596 544 liquidior
614 467 734 527 accedit.
761 464 803 525 lbi
816 469 918 544 animo,
935 467 973 526 ibi
985 485 1106 545 corpore

99 551 221 609 maxime
237 549 331 609 valeo.
363 548 434 608 Nam
448 550 548 610 studiis
565 551 700 625 animum,
724 559 827 608 venatu
847 568 952 629 corpus
973 569 1107 611 exerceo.

73 631 159 692 ollei
173 651 290 712 quoque
301 651 439 711 nusquam
455 634 595 695 salubrius
612 632 732 710 degunt:
748 651 840 711 usqne
856 633 947 693 adbuc
963 644 1042 694 certe
1058 655 1149 708 neap

99 717 204 776 minem
221 736 258 777 ex
272 717 307 777 iis
322 735 395 795 quos
412 716 564 777 eduxeram
578 733 690 776 mecum
702 716 799 794 (venia
812 719 848 777 sit
863 718 956 795 dicto)
968 719 1007 777 ibi
1018 719 1105 778 amisi.

100 800 136 859 Di
147 801 232 861 modo
248 803 433 879 inposterum
445 799 579 861 bocmibi
594 800 735 877 gaudium,
751 799 822 866 banc
837 800 955 876 gloriam
968 800 1034 861 loco
1047 820 1106 862 ser·

100 893 179 944 vent.
212 884 294 944 Vale.

373 1066 399 1114 G.
421 1065 545 1116 PLlNlUS
564 1064 711 1116 CALVISIO
732 1064 792 1115 SUO
810 1063 835 1113 S.

163 1163 227 1225 Nec
244 1165 380 1226 heredem
398 1166 503 1226 institui
524 1184 579 1226 nec
599 1167 768 1245 praecipere
788 1182 876 1243 posse
892 1167 1130 1244 rempublicam

102 1258 228 1310 constat:
243 1250 409 1310 Saturninus
425 1260 536 1326 autem,
560 1251 608 1328 qui
623 1266 675 1308 nos
690 1248 805 1327 reliquit
819 1248 953 1325 heredes,
971 1250 1107 1327 quadran-

100 1342 159 1394 tem
174 1334 216 1391 rei
231 1332 365 1411 publicae
379 1343 506 1410 nostrae,
524 1333 626 1392 deinde
640 1349 693 1410 pro
706 1331 859 1410 quadrante
875 1335 1107 1411 praeceptionem

101 1417 369 1496 quadringentorum
391 1418 494 1477 milium
509 1416 597 1476 dedit.
629 1415 708 1491 Hoc,
723 1417 747 1475 si
762 1417 805 1476 ius
820 1417 960 1493 aspicias,
985 1416 1106 1492 inritum,

60 1512 92 1564 15
101 1503 126 1562 si
142 1500 268 1560 defuncti
290 1502 480 1578 voluntatem,
502 1509 591 1560 ratum
606 1510 634 1560 et
650 1500 757 1559 firmum
777 1509 831 1559 est.
863 1497 931 1557 Mihi
949 1509 1042 1559 autem
1059 1500 1134 1568 dea

101 1585 190 1644 iuncti
204 1584 334 1646 voluntas
351 1586 472 1665 (vereor
487 1603 569 1664 qnam
580 1586 608 1643 in
620 1594 730 1663 partem
742 1584 810 1643 iuris
823 1583 945 1642 consulti
956 1584 1033 1661 quod
1046 1601 1108 1644 sum

101 1668 227 1729 dicturus
250 1670 402 1748 accipiant)
424 1670 563 1748 antiquior
585 1669 645 1727 iure
668 1678 729 1744 est,
756 1669 852 1745 utique
872 1667 900 1726 in
923 1685 959 1726 eo
975 1668 1051 1745 quod
1073 1667 1107 1726 ad

101 1769 276 1812 communem
292 1754 406 1829 patriam
417 1752 507 1812 voluit
524 1752 687 1831 pervenire.
719 1750 780 1827 An,
803 1751 849 1809 cui
866 1750 901 1809 dc
919 1767 984 1811 mco
1000 1762 1132 1820 aester-3

101 1838 169 1894 tium
188 1835 346 1914 [seJdccies
370 1836 493 1912 contuli,
518 1835 585 1895 huic
603 1835 871 1913 quadringentorum
892 1834 998 1894 milium
1020 1835 1105 1913 paulo

57 1918 220 1997 boamplins
232 1920 343 1979 tertiam
356 1928 466 1997 partem
478 1936 515 1976 ex
526 1919 685 1976 adventicio
699 1913 861 1993 denegem?
872 1917 940 1976 Soio
954 1928 982 1977 tc
991 1936 1106 1996 quoque

100 2021 117 2063 a
137 2002 242 2061 iudicio
261 2019 325 2059 meo
344 2019 401 2059 non
422 2001 593 2075 abhorrere,
616 2016 678 2058 cum
699 1998 816 2058 eandem
837 2016 897 2057 rem
915 1999 1057 2077 publicam
1077 2011 1107 2059 ut

70 2136 73 2141 .
101 2086 173 2143 civis
197 2084 319 2160 optimus
341 2083 452 2160 diligas.
485 2082 578 2141 Velim
597 2099 687 2158 ergo,
713 2098 776 2139 cum
790 2083 918 2159 proxime
933 2083 1131 2150 decurionesa

101 2167 319 2243 contrahentur,
344 2167 410 2245 quid
426 2168 462 2226 sit
483 2167 551 2226 iuris
567 2164 686 2240 indices,
704 2181 790 2242 parce
804 2174 897 2223 tamen
913 2175 941 2223 et
958 2164 1104 2234 modeste;

101 2252 203 2311 deinde
229 2250 382 2327 subiungas
403 2268 455 2311 nos
479 2248 680 2328 quadringenta
699 2246 774 2307 milia
796 2247 917 2325 offerre,
939 2249 1013 2307 sicut
1027 2266 1109 2326 prae·

58 2348 93 2400 25
104 2336 215 2414 ceperit
235 2335 409 2395 Saturninus.
450 2333 529 2393 lllius
548 2332 605 2392 hoo
625 2349 740 2409 munus,
769 2330 845 2391 illius
864 2330 1034 2399 liberalitas;
1057 2349 1107 2391 no·

103 2430 191 2480 strum
208 2428 313 2478 tantum
330 2419 499 2496 obsequium
518 2425 647 2476 vocetur.
682 2415 760 2475 Haeo
776 2432 831 2494 ego
847 2415 975 2476 scribere
991 2415 1134 2493 publices

102 2501 269 2581 supersedi,
285 2503 418 2582 primum,
436 2501 512 2580 quod
524 2501 703 2560 memineram
717 2517 770 2578 pro
787 2499 999 2560 necessitudine
1014 2502 1107 2560 amici·

101 2588 157 2645 tiae
179 2596 310 2663 nostrae,
342 2604 394 2664 pro
417 2585 551 2645 facultate
572 2583 738 2662 prudentiae
762 2593 827 2644 tuae
848 2593 877 2643 et
899 2583 1006 2644 debere
1029 2593 1056 2644 te
1079 2595 1108 2644 et

102 2686 191 2748 posse
207 2670 326 2748 perinde
342 2671 413 2728 meis
430 2686 462 2729 ao
479 2670 533 2729 tuis
550 2667 676 2746 partibus
694 2667 787 2745 fungi;
811 2666 930 2744 deinde,
947 2670 1011 2746 quia
1025 2687 1107 2728 vere-

57 2753 153 2811 30bar
169 2771 206 2811 ne
224 2753 348 2829 modum,
364 2771 448 2830 quem
462 2752 513 2811 tibi
528 2753 556 2810 in
568 2769 700 2812 sermone
715 2750 860 2813 custodire
876 2750 960 2811 facilc
983 2762 1043 2827 est,
1066 2761 1107 2811 te-

101 2835 199 2895 nuisse
215 2836 242 2894 in
261 2834 383 2913 epistula
397 2853 453 2894 non
469 2834 593 2894 viderer.
614 2834 684 2895 Nam
700 2850 860 2896 sermonem
870 2833 977 2912 vultus,
993 2845 1132 2911 gestus,6

101 2936 161 2978 vox·
173 2921 235 2996 ipsa
252 2920 422 2995 moderatur,
440 2917 563 2996 epistula
576 2919 703 2979 omnibus
720 2917 1007 2979 commendationibus
1021 2918 1106 2978 desti·

102 3011 162 3063 tuta
178 3002 340 3079 malignitati
357 3002 601 3080 interpretantium
615 3007 775 3081 exponitur.
808 3001 888 3062 Vale.

566 3117 642 3178 vttl.

55 3217 92 3271 35
306 3217 331 3270 Ο,
352 3215 475 3266 PLINIUS
496 3216 612 3267 TlTlNIO
632 3216 780 3266 onrtroru
797 3214 856 3265 SUO
874 3214 900 3262 S.

167 3301 276 3361 Suades
294 3312 324 3361 ut
340 3300 484 3361 bistoriam
502 3302 641 3378 scribam,
668 3311 697 3360 et
712 3301 815 3360 suades
836 3315 892 3357 non
907 3297 1001 3357 solus:
1027 3295 1127 3359 multi!

103 3385 159 3443 boc
181 3403 226 3443 me
246 3402 335 3461 saepe
355 3394 538 3462 monuerunt,
564 3394 593 3445 et
613 3401 669 3462 ego
690 3383 775 3461 volo,
802 3399 859 3441 non
874 3383 938 3460 quia
959 3381 1105 3441 commode

143 3472 217 3525 anr
233 3472 282 3526 Ea.

61 1101 93 1151 10
