2588 4116
560 175 594 238 C.
616 177 713 236 PblNl

600 330 662 389 XV.

341 429 368 479 c.
389 427 514 480 ausurus
533 427 675 478 surrrcro
694 427 800 478 cunno
821 426 881 478 suo
901 425 926 476 s.

110 560 124 608 1
194 547 272 607 Heus
292 557 323 607 tu
344 548 485 625 promittis
504 545 540 607 ad
560 563 659 605 cenam
680 564 736 605 nec
761 543 858 605 venis!
884 542 1004 602 Dicetur
1022 544 1080 603 ius:
1103 544 1138 603 ad

108 641 226 693 bessem
238 629 401 710 inpendium
413 629 528 706 reddes,
543 647 599 690 nec
611 628 639 688 id
651 629 802 689 modicum.
823 627 938 687 Paratae
954 636 1033 686 erant
1048 626 1136 688 lactu-

134 735 185 776 cae
200 715 345 792 singulae,
369 711 507 773 cochleae
522 722 638 789 ternae,
661 731 715 773 ova
730 714 811 789 bina,
831 711 903 771 alica
919 728 983 770 cum
998 710 1090 771 mulso
1107 717 1160 772 et5

132 802 199 859 nive
211 800 289 877 (narn
298 798 370 857 hanc
384 815 499 876 quoque
511 797 701 876 computabis,
718 798 801 856 immo
813 796 885 854 hanc
897 797 925 853 in
937 797 1048 873 primis,
1066 813 1138 874 quae

132 885 217 960 periit
232 884 260 940 in
271 880 412 960 ferculo),
428 881 532 960 olivae,
549 882 674 959 betacei,
692 880 867 956 cucurbitae,
887 877 977 955 bulbi,
992 878 1045 939 alia
1061 879 1139 939 mille

132 984 189 1027 non
206 968 295 1025 minus
312 963 397 1025 lauta.
418 965 560 1027 Audisses
575 965 731 1025 comoedos
746 963 794 1024 ve'l
808 963 948 1022 lectorem
958 961 1006 1022 vel
1018 963 1139 1038 lyristen

108 1049 198 1127 3vel,
224 1068 296 1128 quae
316 1067 379 1109 mea
401 1048 573 1127 liberalitas,
597 1066 706 1111 omncs.
737 1047 784 1108 Ad
804 1057 834 1107 tu
850 1045 925 1125 apud
939 1049 1039 1106 nescio
1055 1065 1140 1126 quern

133 1144 243 1210 ostrea,
265 1133 384 1211 vulvas,
403 1133 539 1211 echinos,
563 1131 710 1193 Gaditanas
736 1131 868 1191 maluisti.
903 1129 993 1191 Dabis
1016 1148 1136 1210 poenas,
1149 1145 1182 1195 10

132 1235 188 1276 non
203 1217 269 1277 dico
285 1235 365 1296 quas.
401 1217 480 1278 Dure
500 1218 613 1278 fecisti:
636 1217 780 1294 invidisti,
797 1216 897 1276 nescio
917 1232 953 1274 an
970 1214 1039 1292 tibi,
1059 1226 1139 1274 certe

132 1302 212 1377 mihi,
230 1302 283 1362 sed
297 1312 391 1362 tamen
406 1312 435 1362 et
452 1303 513 1362 tibi.
535 1301 675 1375 Quantum
690 1319 743 1362 nos
758 1301 944 1375 lusissemus,
961 1299 1138 1374 risissemus,

110 1385 357 1447 4studuissemusi
380 1386 467 1446 Potes
483 1388 643 1466 apparatius
666 1403 769 1446 cenare
785 1384 860 1463 apud
871 1381 986 1460 multos,
1002 1400 1139 1460 nusquam

133 1469 249 1531 hilarius
271 1469 433 1548 simplicius
454 1471 604 1530 incautius.
634 1468 666 1527 ln
684 1486 801 1544 summa,
818 1469 964 1545 experire,
981 1477 1010 1526 et
1021 1469 1075 1527 nisi
1088 1483 1139 1544 po·

134 1563 195 1613 stea
217 1563 245 1612 te
265 1551 328 1611 aliis
351 1555 446 1630 potius
463 1549 667 1630 excusaveris,
691 1551 758 1609 mihi
773 1567 889 1627 semper
904 1567 1019 1609 excusa.
1056 1549 1139 1608 Vale.
1149 1558 1182 1608 15

594 1701 671 1763 XVI.

418 1798 445 1848 c.
465 1800 589 1851 Purums
608 1799 726 1850 nouere
746 1799 805 1850 suc
825 1799 851 1852 s,

115 1931 128 1981 1
199 1916 704 1997 AmabamPompeiumSatumiuum,
719 1918 794 1979 bunc
811 1919 876 1979 dico
890 1927 1028 1994 nostrum,
1044 1916 1138 1977 lauda·
1156 1898 1159 1903 Α

134 2003 255 2079 bamque
271 2002 332 2060 eius
353 2002 512 2080 ingenium,
535 2005 619 2064 etiam
638 2014 787 2082 antequam
802 2006 907 2065 scirem
923 2020 1005 2081 quam
1019 2003 1137 2079 varium,
1147 2012 1181 2063 20

134 2102 217 2163 quam
235 2082 379 2162 flexibile,
407 2103 489 2164 quam
510 2087 663 2169 multiplex
684 2097 778 2149 esset:
803 2106 878 2148 nunc
901 2104 972 2148 vero
988 2095 1078 2147 totum
1092 2104 1138 2144 me

112 2176 226 2246 utenet,
243 2166 339 2246 habet,
356 2169 497 2248 possidet.
517 2171 602 2234 Audii
615 2190 716 2234 causas
731 2182 863 2250 agentem
880 2174 985 2235 acriter
999 2180 1028 2230 et
1039 2168 1138 2236 arden-

133 2263 178 2312 ter
193 2271 247 2312 nec
265 2254 357 2315 minus
372 2255 463 2334 polite
481 2265 511 2316 et
525 2267 642 2335 ornate,
665 2259 727 2318 sive
742 2256 874 2316 meditata
888 2258 950 2315 sive
966 2255 1058 2314 subita
1072 2269 1137 2331 pro·

133 2339 232 2398 ferret.
251 2336 364 2398 Adsunt
380 2349 481 2400 acutae
498 2342 675 2418 crebraeque
691 2341 860 2413 sententiae,
875 2339 972 2414 gravis
987 2346 1017 2394 et
1033 2335 1138 2395 decora

135 2424 326 2499 constructio,
349 2423 477 2483 sonantia
491 2424 579 2483 verba
593 2434 623 2483 et
638 2423 761 2500 antiqua.
790 2419 888 2479 Omnia
903 2418 976 2478 baec
990 2419 1062 2477 mire
1076 2417 1137 2496 pla·
1147 2433 1181 2485 25

134 2515 211 2582 cent,
228 2522 292 2564 curn
308 2506 415 2581 impetu
429 2505 550 2581 quodam
566 2516 595 2564 et
612 2505 725 2564 flumine
741 2500 952 2580 pervehuntur,
968 2501 1096 2580 placent,
1112 2505 1137 2562 si

108 2595 330 2653 3retractentur.
363 2586 478 2647 Senties
495 2587 571 2665 quod
588 2605 662 2665 ego,
679 2604 743 2646 cum
758 2586 901 2648 orationes
917 2588 979 2647 eius
997 2586 1025 2645 in
1039 2603 1138 2646 manus

133 2670 304 2746 sumpseris,
321 2687 391 2747 quas
405 2668 491 2729 facile
506 2669 625 2731 cuilibet
638 2678 782 2745 veterum,
804 2686 923 2748 quorum
938 2680 983 2730 est
997 2669 1137 2748 aemulus,

109 2752 325 2831 tcomparabis.
356 2751 435 2813 ldem
449 2761 542 2813 tamen
558 2754 587 2813 in
601 2753 719 2816 historia
732 2754 822 2830 magis
838 2753 995 2815 satisfaciet
1010 2754 1057 2814 vel
1072 2754 1137 2814 bre·

131 2840 219 2897 vitate
235 2835 283 2894 vel
298 2834 364 2896 luce
381 2835 429 2896 vel
444 2840 582 2898 suavitate
596 2836 644 2898 rel
659 2837 813 2916 splendore
827 2838 911 2898 etiam
923 2849 952 2899 et
964 2838 1136 2900 sublimitate
1145 2853 1181 2906 30

133 2918 270 2981 narrandi.
302 2918 373 2978 Nam
395 2920 423 2978 in
444 2921 625 2983 contionibus
641 2921 741 2982 eadem
757 2940 829 3000 quae
851 2923 1072 2984 lucrationibus
1093 2925 1137 2983 vis

109 3014 190 3080 aest,
207 3004 336 3081 pressior
351 3011 444 3064 tamen
458 3014 488 3065 et
502 3006 746 3084 circumscriptior
760 3015 790 3066 ot
805 3004 964 3067 adductior.
986 3006 1138 3066 Praeterea

40 3163 42 3167 Ι
81 3158 84 3163 Ι
133 3088 202 3147 facit
223 3104 343 3163 versus,
364 3087 465 3165 quales
486 3087 615 3150 Catullus
630 3098 677 3151 aut
693 3089 810 3151 Calvus.
828 3089 967 3163 Quantum
982 3088 1041 3150 illis
1055 3088 1124 3168 lepo

133 3174 190 3249 ris,
213 3169 390 3249 dulcedinis,
410 3173 621 3249 amaritudinis,
641 3173 759 3237 amoris!
781 3175 882 3236 inserit
896 3190 981 3251 sane,
1006 3173 1058 3234 sed
1073 3172 1136 3233 data

133 3274 232 3335 opera,
247 3254 382 3316 mollibus
393 3254 566 3336 levibusque
582 3255 762 3319 duriusculos
780 3257 928 3337 quosdam,
945 3265 973 3317 et
987 3257 1043 3316 hoc
1055 3259 1178 3335 questas

108 3339 261 3404 dcatullus
279 3349 326 3400 aut
341 3337 456 3401 (lalvus.
491 3339 574 3418 Legit
590 3340 658 3400 mibi
673 3360 764 3422 nuper
779 3340 931 3421 epistulas;
953 3341 1050 3401 uxoris
1067 3359 1134 3400 esse

134 3425 259 3485 dicebat:
285 3423 411 3485 Plautum
433 3424 480 3485 vel
501 3423 664 3485 Terentium
684 3436 774 3487 metro
796 3425 918 3485 solutum
935 3423 994 3501 legi
1016 3422 1133 3484 credidi.
