2588 4116
578 240 612 300 C.
633 241 729 302 Plle

606 390 698 449 XXII.

360 505 387 559 (l.
407 505 531 557 PLINIUS
550 505 674 557 GthLlO
695 504 819 555 SEVERO
840 503 900 556 SUO
920 504 947 561 S.

128 658 144 709 1
213 643 268 703 Diu
281 643 335 701 iam
348 643 376 702 in
390 643 461 702 urhe
477 641 593 718 haereo,
609 651 638 700 et
654 640 767 720 quidem
780 642 924 702 attonitus.
943 636 1090 699 Perturbat
1106 657 1151 700 me

152 725 238 803 longa
254 735 283 787 et
297 726 427 804 pertinax
440 722 564 784 valitudo
580 722 634 785 Titi
647 724 807 801 Aristonis,
824 741 908 802 mem
925 721 1106 799 singulariter
1123 732 1176 786 eto

152 813 237 870 miror
251 819 280 870 et
297 806 394 885 diligo.
426 806 501 866 Nihil
514 815 558 868 est
575 809 649 867 enim
662 807 712 866 illo
727 796 858 885 gravide,
875 807 1011 883 sanctius,
1027 805 1150 884 doctius,

152 903 182 954 ut
196 891 262 951 mihi
276 908 333 950 non
346 909 418 951 nnus
434 889 518 951 bomo
540 889 593 950 sed
607 890 719 953 litterae
737 893 817 970 ipsae
832 907 989 970 omnesque
1003 891 1094 950 bonae
1110 909 1152 951 ar·

129 986 197 1037 ates
213 977 241 1034 in
256 990 311 1033 uno
326 972 438 1034 homine
453 991 588 1034 summum
603 973 761 1053 periculum
775 973 853 1034 adire
874 973 1029 1035 videantur.
1062 972 1152 1046 Quam

153 1060 261 1137 peritus
276 1056 326 1116 ille
340 1066 368 1117 et
383 1058 483 1136 privati
497 1058 565 1117 iuris
577 1065 606 1116 et
616 1056 739 1136 publici!
755 1067 887 1136 quantum
899 1075 1004 1134 rerum,
1020 1067 1152 1134 quantum

153 1141 358 1220 exemplomm,
374 1148 505 1219 quantum
518 1141 687 1219 antiquitatis
698 1139 791 1202 teneti
807 1139 883 1200 Nihil
896 1149 940 1202 est
952 1138 1027 1219 quod
1039 1139 1152 1201 discere
1163 1156 1195 1205 10

153 1224 245 1302 velis,
268 1222 343 1302 qnod
360 1222 408 1283 ille
424 1222 531 1283 docere
546 1241 602 1283 non
616 1225 721 1303 possit:
749 1223 815 1284 mibi
837 1233 933 1301 certe,
956 1225 1087 1302 quotiens
1103 1223 1153 1283 ali·

130 1307 221 1387 3qnid
235 1306 357 1368 abditum
371 1322 494 1384 quaero,
510 1304 560 1367 ille
575 1305 723 1368 thesaurus
739 1317 792 1369 est.
829 1307 886 1367 lam
901 1316 1003 1386 quanta
1017 1309 1152 1382 sermoni·

153 1394 205 1452 bus
221 1395 285 1452 eius
299 1389 380 1466 iides,
398 1399 500 1469 quanta
513 1392 682 1469 auctoritas,
703 1407 786 1469 qoam
803 1408 905 1471 pressa
919 1401 948 1451 et
963 1390 1068 1450 decora
1085 1408 1153 1450 cun·

153 1474 253 1536 ctatio!
275 1474 341 1553 quid
367 1472 505 1551 estquod
525 1489 582 1533 non
598 1475 690 1534 statim
706 1471 798 1534 sciati
822 1472 858 1534 Et
876 1484 969 1535 tamen
983 1472 1152 1550 plerumque

152 1557 287 1633 haesitat,
304 1556 410 1616 dubitat
426 1554 588 1618 diversitate
603 1558 756 1633 rationum,
773 1574 843 1634 quas
857 1557 914 1616 acri
934 1570 1093 1631 magnoque
1111 1558 1193 1613 iulo

154 1641 228 1700 dicio
242 1640 277 1700 ah
296 1640 405 1716 origine
421 1640 572 1717 causisque
587 1642 684 1719 primis
697 1641 818 1719 repetit,
834 1636 984 1714 discernit,
1006 1636 1149 1714 expendit.

126 1722 196 1784 trid
209 1723 265 1781 hoc
286 1740 368 1801 quam
385 1739 488 1800 parcus
506 1725 533 1783 in
547 1725 639 1801 victu,
663 1740 746 1801 quarn
766 1720 893 1782 modicus
908 1722 936 1779 in
951 1717 1042 1780 cultui
1062 1719 1150 1779 Soleo

152 1808 244 1884 ipsum
261 1804 421 1866 cubiculum
437 1806 499 1867 eius
513 1808 662 1886 ipsumque
682 1805 788 1867 lectum
800 1813 831 1865 ut
848 1805 997 1881 imaginem
1014 1801 1151 1881 quandam

126 1890 264 1967 oprisoae
277 1887 443 1967 frugalitatis
455 1891 595 1970 aspicere.
616 1889 700 1950 Ornat
711 1889 783 1949 haec
795 1885 956 1965 magnitudo
968 1887 1061 1962 animi,
1078 1904 1150 1964 quae

151 1970 218 2031 nihil
234 1970 268 2032 ad
283 1974 518 2052 ostentationem,
535 1973 625 2034 omnia
640 1971 674 2032 ad
691 1972 892 2034 conscientiam
907 1971 996 2031 refert
1013 1978 1194 2047 rectequeno

127 2055 220 2121 olacti
233 2072 289 2115 non
304 2075 341 2116 ex
355 2058 454 2138 populi
468 2074 600 2120 sermone
614 2056 776 2118 mercedem
792 2055 844 2117 sed
860 2074 896 2116 ex
913 2054 989 2116 iacto
1010 2055 1089 2132 petit.
1121 2053 1152 2112 ln

152 2155 258 2200 summa
279 2158 335 2202 nou
355 2140 440 2204 facile
455 2158 623 2221 quemquam
642 2161 679 2203 ex
700 2142 763 2202 istis
785 2141 833 2219 qui
854 2139 1008 2218 sapientiae
1021 2135 1152 2198 studium

151 2222 246 2285 habitu
261 2228 390 2304 corporis
405 2225 569 2306 praeferunt
583 2225 649 2287 huic
663 2227 725 2285 viro
740 2223 927 2304 comparabis.
960 2220 1023 2280 Non
1040 2220 1152 2297 quidem

151 2308 296 2384 gymnasia
310 2319 436 2370 sectatur
451 2319 497 2371 aut
512 2311 640 2388 porticus
655 2327 710 2369 nec
726 2304 959 2385 disputationibus
974 2302 1068 2377 longis
1082 2300 1152 2361 alio·

150 2409 210 2449 rum
224 2392 311 2452 otium
326 2409 464 2468 suumque
479 2389 614 2465 delectat,
631 2389 684 2450 sod
698 2390 726 2447 in
739 2397 807 2463 toga
818 2387 1000 2461 negotiisque
1011 2392 1150 2462 versatur,
1159 2392 1193 2444 25

128 2471 255 2536 imoltos
271 2470 473 2547 advocatione,
491 2472 589 2550 plures
602 2468 721 2530 consilio
735 2471 820 2528 iuvat.
850 2466 960 2527 Nemini
974 2475 1068 2526 tamen
1082 2467 1151 2528 isto·

149 2571 210 2613 rum
222 2554 363 2628 castitate,
378 2555 497 2631 pietate,
509 2552 623 2628 iustitia,
635 2549 798 2610 fortitudine
809 2552 892 2610 etiam
904 2551 994 2628 primo
1005 2549 1073 2610 loco
1088 2568 1151 2611 ces·

150 2638 227 2697 serit.
250 2632 403 2711 Mirareris,
419 2637 443 2696 si
455 2636 623 2712 interesses,
641 2652 695 2713 qua
708 2634 842 2713 patientia
860 2633 932 2694 hanc
947 2635 1037 2712 ipsam
1052 2632 1151 2694 valitu-

150 2718 243 2778 dinem
258 2715 375 2794 toleret,
391 2727 421 2778 ut
436 2716 528 2779 dolori
542 2718 666 2798 resistat,
680 2727 711 2778 ot
725 2719 799 2779 sitim
816 2716 936 2796 differat,
955 2726 985 2778 ut
999 2717 1151 2778 incredibi-

126 2801 206 2864 8lem
226 2799 346 2860 febrium
367 2799 495 2861 ardorem
515 2802 636 2862 inmotus
658 2811 833 2882 opertusque
848 2801 1024 2863 transmittat.
1051 2799 1150 2879 Nuper
1159 2809 1193 2864 30

149 2902 193 2943 me
209 2899 375 2960 paucosque
395 2902 507 2945 mecum
526 2903 599 2964 quos
619 2887 738 2946 maxime
759 2884 849 2962 diligit
864 2885 1012 2945 advocavit
1027 2886 1151 2962 rogavit·

150 2986 205 3045 que
220 2975 249 3025 ut
262 2963 391 3028 medicos
407 2968 622 3030 consuleremus
638 2969 674 3031 de
690 2986 794 3032 smnma
809 2968 985 3047 valitudinis,
1002 2976 1049 3045 ut,
1065 2970 1088 3029 si
1106 2988 1150 3028 es-

150 3060 195 3111 set
212 3049 430 3129 insuperabilis,
453 3062 556 3132 sponte
571 3055 662 3115 exiret
682 3073 699 3114 e
717 3055 791 3131 vita,
809 3055 833 3115 si
856 3063 960 3115 tantum
980 3050 1102 3112 difficilis
1121 3061 1150 3112 ct

126 3133 251 3212 9longa,
274 3135 423 3196 resisteret
442 3147 640 3215 maneretque:
663 3137 781 3199 dandum
802 3139 876 3197 enim
891 3136 1025 3216 precibus
1040 3137 1148 3212 uxoris,

149 3217 267 3280 dandum
283 3216 356 3280 iiliae
371 3217 505 3299 lacrimis,
522 3220 639 3281 dandum
652 3223 735 3284 etiam
749 3221 832 3282 nobis
847 3222 944 3282 amicis
958 3236 994 3279 ne
1011 3235 1080 3295 spes
1099 3222 1191 3277 no·35

149 3312 238 3379 suras,
262 3302 385 3364 simodo
402 3321 459 3365 non
475 3315 572 3367 essent
585 3307 699 3382 inanes,
716 3303 872 3366 voluntaria
886 3313 978 3364 morte
989 3301 1146 3361 desereret.

107 3383 181 3446 told
193 3402 250 3460 ego
265 3384 380 3446 arduum
390 3389 418 3447 in
433 3389 530 3468 primis
544 3398 573 3449 et
585 3392 738 3467 praecipua
753 3386 836 3448 laude
851 3387 965 3464 dignum
980 3393 1058 3461 puto.
1078 3383 1148 3444 Nam

146 3469 253 3547 impetu
273 3469 394 3545 quodam
414 3482 444 3533 et
464 3472 597 3534 instinctu
617 3487 789 3550 procurrere
809 3470 844 3532 ad
864 3478 983 3530 mortem
1000 3485 1148 3530 commune
