2588 4116
157 239 219 302 294
592 235 626 298 G.
642 233 739 296 PLllll

157 387 300 469 accipiat?
314 389 367 449 llic
380 407 529 469 praesens,
541 388 591 450 ille
602 387 707 447 mavult
719 387 823 447 absens
839 388 939 445 amari:
955 396 1084 465 uterque
1099 403 1169 444 ame
1223 376 1234 471 l

157 486 202 536 tur
222 484 252 534 ut
266 474 386 543 mavult;
407 490 490 534 nemo
509 475 538 531 in
553 471 673 533 taedium
695 470 873 550 praesentia,
894 487 979 530 nemo
997 473 1026 529 iu
1053 469 1168 529 oblivio·
1222 472 1234 553 3}

157 577 222 619 nem
237 559 365 618 absentia
375 558 477 618 veniat.
502 556 592 616 Tenet
605 557 727 635 quisque
742 553 836 614 locum
849 571 933 632 quem
945 552 1038 614 semel
1052 554 1168 617 meruit:
1228 542 1234 637 l

158 642 329 720 faciliusque
351 651 396 702 est
416 652 446 701 ut
466 639 558 700 oculis
575 641 636 700 eius
657 637 753 699 vultus
774 638 901 698 absentis
924 655 1007 715 quam
1031 646 1062 698 ut
1080 639 1167 697 animo
1231 642 1234 699 i

159 728 259 786 caritas
276 724 398 785 excidat.
1174 733 1188 784 'a

107 811 148 873 88
222 808 354 886 Plerique
370 808 533 887 principes,
553 824 615 865 cum
629 815 728 866 essent
745 806 848 864 civium
863 805 984 883 domini,
1002 805 1166 865 libertorum

159 902 238 954 eraut
253 894 345 952 servi:
360 892 459 949 borum
473 889 619 966 consiliis,
634 889 734 949 borum
750 898 817 949 nutu
830 889 1023 966 regebantur,
1047 906 1101 966 per
1120 893 1165 948 ios

158 975 325 1049 audiebant,
354 992 408 1052 per
425 973 477 1032 bos
498 972 701 1050 loquebantur,
729 990 781 1051 per
795 974 849 1032 bos
864 981 1014 1051 praeturae
1037 974 1122 1032 etiam
1140 980 1168 1030 ει

159 1056 318 1120 sacerdotia
334 1066 363 1116 et
379 1055 560 1132 consulatus,
576 1057 661 1116 immo
673 1067 702 1117 et
714 1057 749 1116 ab
761 1055 804 1116 his
820 1057 1001 1134 petebantur.
1025 1054 1067 1114 Tu
1081 1054 1166 1116 liber·

158 1143 194 1202 tis
204 1142 260 1201 tuis
273 1157 410 1200 summum
426 1139 539 1218 quidem
549 1138 704 1216 bonorem,
720 1139 773 1200 sed
786 1149 926 1217 tamquam
937 1139 1051 1200 libertis
1067 1140 1161 1216 babes,
1174 1147 1200 1199 ιι
1232 1184 1234 1189 «

158 1224 328 1302 abundeque
344 1225 478 1284 sufficere
494 1224 529 1282 iis
546 1223 657 1301 credis,
680 1226 704 1284 si
719 1224 801 1301 probi
816 1232 845 1283 et
860 1223 936 1299 frugi
957 1224 1163 1284 existimentur.
1231 1288 1234 1299 ¹

159 1309 224 1370 Scis
245 1310 319 1368 enim
341 1309 525 1387 praecipuum
542 1326 609 1367 esse
624 1306 756 1366 indicium
773 1325 830 1366 non
844 1309 938 1385 magni
953 1308 1095 1386 principis
1111 1325 1164 1366 ma·

159 1411 232 1472 gnos
247 1392 376 1452 libertos.
405 1393 450 1451 Ac
466 1394 585 1470 primum
601 1393 740 1451 neminem
761 1392 790 1449 in
807 1410 857 1450 usu
875 1391 966 1452 babes
982 1392 1037 1450 nisi
1056 1401 1105 1451 aut
1117 1391 1165 1450 tibi
1231 1406 1234 1427 ²

159 1486 206 1537 aut
224 1478 295 1554 patri
307 1485 355 1536 mo
371 1484 418 1535 aut
432 1477 539 1553 optimo
556 1476 659 1552 cuique
673 1476 832 1554 principum
848 1474 998 1551 dilectum,
1016 1477 1163 1553 statimque
1229 1513 1234 1539 t

159 1561 212 1622 bos
228 1562 323 1639 ipsos;
338 1560 443 1619 cotidie
460 1559 562 1619 deinde
576 1561 614 1619 ita
627 1559 730 1618 formas
745 1568 776 1617 ut
791 1576 823 1617 εε
837 1576 893 1618 non
907 1569 954 1618 tua
969 1558 1100 1635 fortuna,
1115 1555 1196 1618 sedit

160 1663 210 1706 sua
230 1644 392 1704 metiantur:
417 1651 446 1701 et
467 1651 544 1701 tanto
558 1645 647 1719 magis
663 1643 739 1719 digni
755 1643 856 1720 quibus
871 1641 964 1702 honor
978 1644 1069 1702 omnis
1084 1659 1163 1721 prae·

159 1737 251 1787 stetur
265 1745 281 1786 a
295 1726 394 1802 nobis,
412 1725 477 1803 quia
491 1743 548 1784 non
562 1735 606 1784 est
622 1745 755 1786 necesse.
784 1724 907 1786 Iustisne
921 1727 958 1786 de
975 1727 1068 1787 causis
1085 1743 1163 1786 sena-

159 1820 204 1869 tus
219 1808 401 1887 populusque
419 1807 562 1867 Romanus
579 1810 675 1886 optimi
690 1810 740 1869 tibi
756 1827 917 1888 cognomen
938 1806 1065 1871 adiecit?
1083 1809 1162 1868 Para·
1232 1870 1234 1883 Α

159 1903 217 1951 tum
232 1890 260 1950 id
278 1891 391 1970 quidem
405 1899 434 1951 et
449 1893 477 1950 in
493 1891 586 1951 medio
603 1894 742 1971 positum,
767 1910 870 1954 novum
887 1903 991 1954 tamen
1020 1894 1099 1953 Scias
1113 1910 1161 1951 ue·
1232 1898 1234 1973 l

159 1976 262 2035 minem
282 1984 347 2035 aute
362 1977 519 2054 meruisse,
547 1976 623 2054 quod
637 1994 694 2036 non
710 1986 770 2038 erat
790 1977 1028 2055 excogitandum,
1055 1977 1080 2037 si
1100 1976 1194 2053 quistt
1232 1978 1234 2001 ¹

159 2062 320 2120 memisset.
349 2059 395 2119 An
417 2062 504 2121 satius
526 2058 579 2120 fuit
595 2060 710 2121 felicem
725 2059 851 2122 vocare?
871 2061 948 2139 quod
965 2078 1023 2120 non
1039 2061 1160 2120 moribus

160 2144 213 2205 sed
224 2144 353 2204 fortunae
369 2142 462 2204 datum
473 2154 533 2205 est:
548 2147 636 2206 satius
647 2143 797 2224 magnum?
813 2147 857 2205 oui
873 2145 938 2223 plus
949 2145 1073 2205 invidiae
1085 2159 1161 2223 quam

161 2227 377 2306 pulchritudinis
398 2230 481 2289 inest.
512 2227 667 2306 Adoptauit
688 2239 716 2290 te
737 2231 859 2307 optimus
875 2230 1011 2308 princeps
1029 2231 1057 2287 in
1073 2245 1161 2302 snum,
1232 2276 1234 2283 .

160 2322 275 2372 senatus
297 2314 325 2372 in
345 2313 444 2390 optimi
458 2330 570 2373 nomen.
598 2312 661 2372 lloc
675 2314 726 2374 tibi
743 2321 798 2372 tam
812 2314 958 2392 proprium
974 2329 1058 2391 quam
1072 2320 1162 2390 pater·
1200 2342 1203 2347 ·
1227 2312 1234 2391 ¹,

160 2415 239 2464 num;
269 2414 323 2455 neo
342 2398 432 2474 magis
455 2395 587 2456 distinete
613 2396 785 2474 definitaque
804 2395 934 2475 designat
948 2398 996 2475 qui
1016 2395 1196 2455 Traianumft
1230 2420 1234 2479 ι

161 2497 243 2556 quam
258 2481 306 2557 qui
322 2481 459 2558 optimum
474 2479 614 2559 appellat,
632 2491 662 2540 ut
676 2481 743 2540 olim
758 2480 918 2558 frugalitate
934 2479 1072 2556 Pisones,
1088 2478 1163 2556 sapi·
1230 2481 1234 2525 1

161 2563 235 2619 entia
249 2560 352 2639 Laelii,
369 2565 476 2640 pietate
492 2561 602 2622 Metelli
614 2563 848 2623 monstrabantur.
879 2562 959 2638 Quae
974 2562 1057 2624 simul
1074 2562 1164 2621 omnia
1231 2540 1234 2603 l

160 2658 217 2702 uno
238 2644 292 2702 isto
314 2645 426 2704 nomine
448 2645 637 2704 continentur.
670 2645 734 2707 Nec
752 2647 842 2708 videri
857 2656 955 2726 potest
972 2649 1098 2725 optimus
1111 2645 1163 2704 nisi
1231 2658 1234 2733 j

160 2729 209 2805 qui
231 2735 274 2785 est
296 2726 424 2785 omnibus
448 2728 560 2805 optimis
581 2730 609 2787 in
630 2747 681 2791 sua
702 2732 838 2810 cuiusque
858 2731 942 2792 laude
964 2731 1163 2809 praestantior.
1225 2764 1234 2787 s

159 2808 263 2869 Merito
281 2808 330 2866 tibi
347 2826 417 2887 ergo
432 2818 498 2887 post
513 2818 625 2873 ceteras
640 2814 848 2893 appellationes
862 2814 935 2875 haec
949 2824 994 2875 est
1011 2813 1122 2890 addita,
1137 2819 1197 2871 utto
1230 2794 1234 2883 l

159 2895 255 2951 maior.
277 2889 369 2953 lllinus
384 2901 430 2952 est
444 2894 518 2952 enim
533 2895 732 2973 imperatorem
749 2908 779 2958 et
793 2896 946 2959 Caesarem
961 2907 991 2957 et
1003 2896 1164 2974 Augustum
1232 2908 1234 2915 '

160 2994 243 3055 quam
264 2977 394 3036 omnibus
414 2979 631 3055 imperatoribus
650 2992 680 3041 et
703 2980 873 3044 Caesaribus
895 2991 924 3042 ct
937 2981 1079 3059 Augustis
1097 2996 1164 3040 esse

158 3060 317 3120 meliorem.
354 3060 482 3139 Ideoque
509 3061 558 3122 ille
579 3082 682 3140 parens
703 3064 844 3125 bominum
867 3062 1044 3143 deorumque
1065 3064 1163 3143 optimi
1231 3086 1234 3115 ε

159 3148 249 3225 prius,
267 3144 369 3205 deinde
384 3148 496 3205 maximi
508 3149 621 3208 nomine
637 3148 750 3209 colitur.
766 3149 830 3222 Quo
843 3148 1018 3227 praeclarior
1029 3147 1092 3209 laus
1104 3157 1162 3223 tua,
1229 3212 1234 3237 4

160 3247 245 3307 quem
259 3245 316 3289 non
331 3232 422 3289 minus
438 3239 547 3291 constat
562 3233 697 3310 optimum
713 3250 875 3311 essequam
890 3234 1049 3293 maximum.
1072 3231 1201 3292 nese-ao

159 3323 242 3372 cutus
265 3332 297 3372 εε
312 3330 415 3373 nomen
432 3315 508 3391 quod
524 3315 558 3374 ad
573 3316 656 3375 alium
671 3317 789 3377 transire
802 3334 858 3376 non
872 3317 983 3394 possit,
1003 3315 1058 3376 nisi
1071 3325 1104 3376 ut
1118 3333 1166 3393 ap·
1232 3382 1234 3389 ,

158 3405 256 3471 pareat
277 3396 305 3453 in
328 3397 403 3456 bono
421 3399 551 3477 principe
566 3399 703 3476 alienum,
727 3401 755 3459 in
770 3400 844 3460 malo
859 3400 976 3475 falsum,
1005 3398 1167 3478 quodlicet
1228 3404 1234 3473 j

158 3494 255 3537 omnes
276 3488 378 3555 postea
400 3491 555 3559 usurpent,
584 3501 699 3561 semper
719 3493 812 3543 tamen
833 3490 1008 3562 agnoscetur
1028 3492 1060 3543 ut
1076 3491 1166 3542 tuum.
1228 3508 1234 3569 ,¹
