2588 4116
94 194 156 257 246
523 194 554 256 C.
579 193 675 255 PLlNl

95 345 187 424 iulius,
211 347 273 424 irio,
295 358 325 408 ut
345 348 432 408 irater
446 347 597 408 videretur.
632 347 673 406 'lu
694 348 832 407 sideribus
847 357 960 426 patrem
977 349 1107 428 intulisti,

95 448 152 491 non
168 430 321 493 admotum
338 434 456 510 civium,
478 450 534 492 non
556 434 583 491 in
605 431 802 491 contumeliam
817 434 979 510 numinum,
1003 436 1107 493 nonin

94 513 232 576 bonorem
248 525 342 595 tuum,
361 518 412 577 sed
428 518 492 594 quia
508 516 589 575 deum
605 515 709 576 credis.
736 513 828 575 llinus
842 527 888 576 est
903 516 978 594 hoc,
996 536 1064 576 curn
1078 518 1106 577 iit

96 601 131 660 ab
155 601 188 658 iis
211 603 257 678 qui
273 612 303 662 et
318 620 385 662 sese
401 601 471 661 deos
487 608 593 678 putant.
626 599 685 659 Sed
702 598 771 658 licet
786 598 864 658 illum
878 602 935 661 aris
950 600 1105 679 pulvinari·

97 686 151 745 bus
166 684 276 745 ilaminc
293 685 388 762 colas,
405 701 460 744 non
476 682 531 743 alio
546 685 635 760 magis
651 693 743 742 tamen
758 682 842 742 deum
859 693 888 744 ct
903 684 978 745 facis
993 694 1024 744 et
1039 686 1126 764 pro-5

97 769 147 828 bas
164 787 245 847 quam
261 769 336 847 quod
351 771 415 847 ipse
429 767 493 828 talis
509 787 551 828 es.
578 767 610 826 lu
627 769 757 846 principe
774 769 847 826 eninr
862 770 910 844 qui
926 767 1027 828 electo
1040 787 1103 828 suc·

98 870 216 912 ccssore
228 853 285 912 lato
298 853 444 912 concessit
459 870 512 911 una
527 850 683 930 cademque
696 851 852 911 certissima
864 851 1020 911 divinitatis
1032 852 1102 912 fides

97 945 141 995 est
166 936 256 994 bonus
277 953 441 996 successor.
477 934 549 994 Num
572 953 643 1012 crgo
664 935 714 994 tibi
740 953 777 995 ex
797 935 996 996 inmortalitate
1015 939 1101 1014 patris

96 1018 201 1096 aliquid
217 1018 399 1095 adrogantiae
414 1015 561 1079 accessit?
582 1038 646 1078 num
661 1018 715 1078 lros
732 1021 876 1097 proximos
892 1018 1040 1079 divinitate
1055 1039 1101 1099 pa-

95 1111 205 1161 rentum
226 1101 342 1162 desides
356 1120 389 1162 ac
405 1102 546 1181 superbos
562 1105 657 1180 potius
674 1120 755 1181 quarn
770 1101 835 1163 illos
849 1111 968 1163 veteres
987 1112 1017 1164 ct
1033 1106 1099 1164 anti·
1109 1110 1136 1162 lt

97 1203 169 1263 quos
181 1183 353 1245 aemuleris?
371 1187 418 1264 qui
433 1186 488 1246 hoc
507 1189 599 1264 ipsum
615 1188 763 1265 imperium
781 1232 787 1245 .
807 1233 813 1245 .
834 1233 840 1244 .
858 1228 865 1243 .

158 1270 237 1329 cuius
258 1269 333 1348 pulsi
354 1269 499 1349 fugatique
520 1288 576 1329 non
595 1269 670 1329 aliud
691 1272 779 1330 maius
794 1269 952 1329 habebatur
964 1270 1098 1330 indicium

97 1371 178 1432 quom
189 1355 212 1413 si
221 1354 412 1432 triumpharet.
425 1353 503 1432 Ergo
513 1353 685 1414 sustulerant
695 1355 803 1414 animos
811 1363 840 1414 et
852 1355 947 1430 iugum
960 1372 1099 1415 excusse·

96 1446 168 1514 rant,
186 1456 241 1497 nec
256 1439 309 1496 iam
324 1438 472 1497 nobiscum
486 1438 520 1498 de
534 1456 582 1498 sua
595 1436 727 1497 libertate
740 1436 791 1498 sed
805 1437 839 1497 de
852 1447 950 1497 nostra
960 1440 1099 1499 servitute

97 1521 259 1598 certabant,
276 1540 309 1581 ac
325 1538 361 1579 ne
377 1519 495 1582 indutias
510 1521 623 1600 quidem
634 1522 687 1580 nisi
704 1523 802 1600 aequis
819 1521 1031 1582 conditionibus
1051 1524 1134 1583 ini-15

46 1602 86 1665 12
98 1606 179 1681 liant,
197 1604 338 1683 legesque
352 1614 383 1665 ut
397 1606 580 1683 acciperent,
598 1605 706 1665 dabant.
730 1605 769 1665 At
784 1623 857 1665 nunc
872 1604 956 1666 rediit
971 1606 1100 1665 omnibus

96 1700 188 1750 terror
203 1699 231 1749 et
245 1698 338 1749 metus
353 1698 382 1749 et
397 1699 493 1748 votum
508 1690 642 1769 imperata
663 1689 795 1748 faciendi.
831 1688 935 1748 Vident
954 1691 1029 1749 enim
1044 1689 1098 1748 lio·

95 1789 205 1832 inanum
226 1772 327 1833 ducem
344 1791 428 1832 unum
449 1791 485 1832 ex
500 1771 556 1832 illis
571 1772 718 1832 veteribus
734 1782 761 1832 et
778 1772 900 1851 priscis,
931 1773 1097 1850 quibusin-

95 1856 266 1934 peratoriunr
282 1874 384 1917 nomen
399 1856 537 1916 addebant
554 1857 678 1916 contecti
695 1855 830 1917 caedibus
845 1857 937 1933 campi
953 1865 983 1916 et
994 1857 1097 1917 iniecta

95 1939 222 1999 victoriis
243 1942 337 2001 maria.
369 1940 534 2019 Accipimus
555 1939 671 2000 obsides
693 1958 781 2017 ergo,
808 1958 863 1999 non
879 1941 1017 2018 emimus,
1044 1939 1135 2000 neci?

95 2025 257 2101 ingentibus
279 2024 385 2084 damnis
405 2025 597 2102 inmensisque
613 2024 774 2087 muneribus
790 2025 963 2102 paciscimur
977 2033 1008 2083 ut
1022 2025 1097 2084 vice·

94 2111 188 2167 rimus.
210 2107 338 2186 Rogant,
357 2108 532 2187 supplicant;
562 2108 710 2184 largimur,
725 2126 878 2184 negamus,
894 2117 1046 2187 utrumque
1062 2125 1098 2166 ex

94 2192 203 2271 imperii
220 2194 382 2252 maiestate:
397 2202 484 2270 agunt
499 2194 602 2270 gratias
618 2194 665 2269 qui
680 2194 905 2270 impetraverunt;
922 2208 977 2250 non
994 2191 1098 2251 audent

95 2277 174 2354 queri
191 2277 291 2355 quibus
309 2285 441 2353 negatum
456 2285 511 2337 est.
532 2277 577 2336 An
588 2275 724 2353 audeaut,
741 2276 788 2353 qui
802 2276 891 2335 sciant
906 2283 936 2333 te
948 2274 1098 2335 adsedisse

94 2360 282 2420 ierocissimis
304 2358 418 2438 populis
443 2376 478 2420 eo
495 2362 558 2438 ipso
574 2370 705 2439 ternpore
721 2359 796 2437 quod
814 2359 1010 2417 amicissimum
1024 2357 1094 2433 illis,
1106 2363 1139 2415 25

93 2442 287 2501 diliicillimum
303 2443 402 2518 nobis,
420 2461 481 2501 curn
496 2443 640 2503 Danubius
655 2445 730 2518 ripas
746 2442 813 2519 gelu
824 2443 913 2519 iungit
926 2442 1098 2518 duratusque

93 2524 187 2600 glacie
205 2526 329 2600 ingentia
347 2532 429 2600 tergo
447 2525 522 2604 bella
539 2534 726 2603 transportat,
750 2543 812 2584 curn
829 2526 908 2584 ienae
923 2533 1026 2602 gentes
1040 2541 1098 2583 non

93 2604 159 2666 telis
176 2609 265 2681 magis
282 2622 364 2684 quam
380 2624 433 2666 suo
452 2606 550 2683 caelo,
567 2625 619 2666 suo
634 2606 728 2666 sidere
744 2605 902 2668 armantur?
935 2607 993 2668 Sed
1007 2607 1057 2666 ubi
1071 2609 1100 2665 in

94 2689 224 2767 proximo
244 2699 291 2763 tu,
318 2705 375 2748 nou
390 2706 475 2751 secus
491 2692 560 2749 acsi
575 2699 696 2750 mutatae
712 2699 870 2771 temporum
887 2693 969 2751 vices
985 2698 1097 2767 essent,

91 2772 132 2832 illi
151 2770 265 2851 quidem
279 2771 403 2831 latibulis
417 2775 478 2832 suis
495 2772 583 2834 clausi
599 2776 780 2844 tenebantur;
797 2786 892 2836 nostra
906 2776 1017 2852 agmina
1031 2782 1141 2853 per-30

93 2875 208 2916 cursare
225 2858 302 2934 ripas
318 2865 347 2916 et
361 2854 452 2916 aliena
468 2859 640 2936 occasione,
656 2861 680 2918 si
697 2860 894 2938 permitteres,
909 2861 948 2917 uti
964 2858 1098 2935 ultroque

91 2939 213 3000 hiemem
229 2957 307 3001 suam
324 2940 450 3001 barbaris
466 2942 571 3003 inicrre
586 2942 755 3021 gaudebant.

40 3020 81 3085 la
156 3022 236 3083 llaec
263 3025 314 3084 tibi
346 3025 421 3104 apud
445 3025 545 3087 hostes
571 3028 729 3087 veneratio.
768 3025 842 3098 Quid
868 3025 944 3105 apud
968 3022 1098 3086 milites?

92 3125 174 3184 quam
189 3106 401 3171 admirationem
416 3109 649 3188 quemadmodum
665 3107 847 3188 conparasti?
866 3127 928 3168 curn
945 3118 1041 3169 tecum
1056 3111 1097 3168 in·

92 3189 201 3267 ediam,
225 3200 321 3253 tecum
336 3194 443 3254 ferrent
459 3196 548 3262 sitim;
566 3212 629 3254 cum
643 3195 670 3253 in
684 3192 731 3253 illa
746 3193 927 3253 meditatione
943 3194 1098 3270 campestri
1107 3205 1142 3259 35

90 3272 256 3335 militaribus
273 3280 371 3338 turmis
393 3279 602 3356 imperatorium
622 3275 770 3354 pulverem
786 3275 976 3354 sudoremque
991 3277 1097 3336 misce·

90 3371 155 3433 res,
180 3359 306 3437 nihilque
329 3362 433 3422 ceteris
454 3362 507 3420 nisi
529 3361 634 3420 robore
654 3377 688 3418 ac
708 3360 878 3437 praestantia
893 3359 989 3437 dispar
1002 3358 1098 3420 libero

91 3435 181 3498 blarte
195 3458 270 3500 nnnc
286 3444 394 3504 eminus
409 3443 465 3504 tela
482 3442 603 3503 librares
617 3460 691 3502 nunc
711 3441 811 3502 librata
832 3444 1017 3523 susciperes,
1039 3444 1097 3503 ala-

12 3546 261 3784 ,fl
