2588 4116
335 204 600 267 urrsruunnuu
615 216 761 270 suo-m
776 208 947 288 [sc-mu
1085 209 1148 273 eoo
1246 249 1249 256 -

520 359 639 421 xxxin.
666 358 762 438 [xum

467 459 634 510 TRAIANUS
653 460 762 510 PLlNIO
782 458 810 509 S.
835 536 838 541 .

195 573 407 636 Meminerimus
422 577 532 638 idcirco
547 589 578 639 te
594 579 623 638 in
635 580 717 640 istam
729 578 906 657 provinciam
917 580 1044 656 missum,
1060 600 1175 660 quon-1
1282 630 1284 634 .

132 663 187 720 iam
208 659 296 720 multa
317 662 345 720 in
367 679 402 721 ea
419 660 593 722 emendanda
608 664 801 741 apparuerint.
838 660 901 721 Erit
920 672 1013 723 autem
1029 665 1085 725 boo
1101 666 1150 726 vel

107 745 256 809 omaxime
271 745 488 824 corrigendum,
503 745 580 827 quod
595 748 642 826 qui
658 746 788 806 damnati
799 745 835 805 ad
850 764 972 825 poenam
994 759 1073 811 eraut
1093 768 1151 811 non

134 828 219 889 modo
236 846 269 888 ea
288 830 351 889 sine
371 839 507 909 auctore,
524 839 554 890 ut
571 831 693 909 scribis,
715 830 826 891 liberati
849 840 930 909 sunt,
953 831 1006 894 sed
1027 836 1150 894 etiamin

135 912 326 973 conditionem
354 915 510 993 proborum
535 915 728 975 ministrorum
753 914 942 976 retrahuntur.
984 916 1040 991 Qui
1064 919 1177 996 igitur2

133 1001 205 1057 intra
223 997 277 1058 hos
300 999 448 1077 proximos
471 999 572 1059 decem
589 1017 678 1060 annos
695 999 815 1060 damnati
831 1017 887 1060 nec
901 999 961 1059 ullo
979 1000 1085 1063 idoneo
1102 1021 1150 1062 au·

107 1154 116 1167 ·
137 1091 219 1143 ctore
245 1081 357 1142 liberati
379 1092 460 1158 sunt,
478 1083 531 1143 bos
552 1084 698 1163 oportebit
718 1101 832 1164 poenae
853 1102 922 1145 suae
943 1085 1039 1146 reddi:
1062 1087 1152 1165 siqui

92 1172 126 1223 10
134 1165 312 1226 vetustiores
333 1167 512 1227 invenientur
538 1177 567 1227 et
587 1186 673 1227 senes
695 1177 759 1228 ante
783 1186 877 1230 annos.
895 1168 998 1229 decem
1019 1168 1150 1248 damnati,
1178 1202 1182 1213 ν

135 1249 337 1310 distribuamus
357 1248 424 1310 illos
452 1252 481 1309 in
503 1268 537 1310 ea
559 1253 715 1312 ministeria
736 1270 810 1328 quae
831 1270 889 1312 non
910 1253 997 1330 longe
1018 1271 1035 1314 a
1058 1272 1152 1332 poena

135 1336 200 1394 sint.
223 1332 324 1394 Solent
342 1334 416 1393 enim
432 1333 572 1394 eiusmodi
592 1334 628 1394 ad
642 1334 802 1412 balineum,
825 1335 859 1395 ad
874 1338 1059 1415 purgationes
1076 1338 1152 1397 cloa-

136 1435 243 1496 carum,
259 1416 327 1477 item
338 1419 508 1479 munitiones
524 1420 631 1479 viarum
648 1427 676 1476 et
691 1420 820 1478 vicorum
836 1419 903 1479 dari.

96 1585 126 1636 c
470 1650 474 1657 ⁵
511 1569 642 1631 xxxin.
669 1569 779 1650 {nuru}

205 1695 208 1700 ·
357 1671 383 1722 Ο.
405 1671 532 1723 PLINIUS
552 1671 698 1721 TRAIANO
718 1670 931 1724 IMPERATORI.

202 1772 273 1833 Gum
289 1773 429 1834 diversam
443 1783 553 1853 partem
572 1776 739 1853 provinciae
756 1775 952 1851 circumirem,
969 1770 1179 1841 Nicomediae1

136 1859 328 1919 vastissimum
349 1859 512 1919 incendium
533 1858 635 1920 multas
659 1861 835 1938 privatorum
857 1857 957 1918 domos
980 1866 1009 1918 et
1027 1858 1084 1917 duo
1102 1876 1154 1937 pu·

137 1943 214 2004 blica
229 1960 318 2022 opera
336 1960 503 2021 quamquam
516 1945 562 2002 via
576 1945 775 2019 interiacente,
791 1941 930 2002 Gerusian
946 1951 975 2002 et
990 1941 1088 2017 Iseon,
1106 1942 1155 2000 ab·

92 2029 270 2105 tosumpsit.
308 2024 362 2086 Est
385 2035 478 2085 autem
500 2025 584 2086 latius
613 2043 743 2104 sparsum
766 2029 887 2102 primum
908 2024 1044 2084 violentia
1065 2027 1181 2102 ventio

138 2110 242 2174 deinde
258 2110 359 2169 inertia
373 2110 534 2186 hominum,
556 2125 629 2187 quos
652 2110 720 2168 satis
744 2117 856 2169 constat
868 2110 978 2169 otiosos
994 2116 1023 2167 et
1037 2108 1155 2166 inmobi-

136 2196 183 2257 les
196 2195 266 2253 tanti
282 2192 348 2251 mali
363 2201 544 2272 spectatores
561 2193 740 2270 perstitisse;
763 2201 791 2251 et
806 2191 912 2270 alioqui
927 2189 1021 2251 nullus
1036 2209 1155 2269 usquam

137 2283 167 2341 in
182 2277 299 2358 publico
316 2277 417 2356 cipho,
433 2275 518 2336 ,nulla
539 2275 637 2353 bama,
666 2276 774 2336 nullum
796 2275 920 2354 denique
942 2276 1156 2334 instrumentum

139 2363 175 2424 ad
190 2361 320 2423 incendia
338 2360 552 2441 conpescenda.
587 2359 626 2420 Et
645 2359 718 2420 baec
736 2360 850 2438 quidem
859 2405 872 2437 ,‚
890 2360 990 2419 utiam
1006 2359 1154 2436 praecepi,

92 2470 129 2522 25
139 2449 321 2529 parabuntur.
353 2445 406 2524 Tu,
424 2445 549 2523 domiue,
568 2444 680 2523 dispice
696 2463 731 2504 an
747 2443 949 2504 instituendum
965 2452 1050 2522 putes
1067 2442 1182 2510 colle-3

140 2535 219 2612 glum
234 2532 377 2591 labrorum
393 2531 536 2591 dumtaxat
551 2530 695 2589 hominum
711 2526 765 2590 CL.
795 2526 861 2607 Ego
881 2528 1025 2588 attendam
1040 2545 1076 2587 ne
1093 2528 1156 2606 quis

141 2619 197 2678 nisi
215 2616 295 2676 iaber
315 2617 470 2694 recipiatur
490 2632 565 2675 neve
586 2615 647 2672 iure
670 2629 814 2675 concesso
835 2615 864 2673 in
879 2612 954 2672 aliud
969 2622 1076 2682 utatur;
1101 2630 1157 2672 nec

143 2703 197 2761 erit
214 2698 331 2759 difficile
347 2698 491 2771 custodire
504 2708 560 2758 tam
576 2715 694 2775 paucos.

95 2894 133 2946 so
508 2847 654 2911 xxxrnr.
669 2849 795 2930 [numu

481 2949 644 3000 TRAIANUS
667 2941 773 2998 PElNlO
795 2947 821 3002 S.

207 3055 270 3115 Tibi
283 3053 398 3132 quidem
413 3051 570 3112 secundum
588 3051 721 3131 exempla
737 3050 915 3131 conplurium
929 3052 958 3109 in
972 3059 1095 3109 mentem
1110 3067 1158 3109 ve·
1171 3060 1184 3110 1

144 3143 185 3202 nit
206 3156 296 3219 posse
315 3137 471 3215 collegium
491 3135 637 3196 fabrorum
659 3135 734 3214 apud
759 3133 988 3195 Nicomedenses
1015 3133 1157 3192 constitui.

144 3224 204 3286 Sed
225 3222 437 3283 meminerimus
454 3221 630 3300 provinciam
645 3221 728 3281 istam
743 3229 772 3279 et
790 3219 948 3297 praecipue
963 3235 1012 3277 eas
1029 3217 1160 3274 civitates

100 3319 136 3372 35
146 3307 287 3369 eiusmodi
309 3306 481 3367 factionibus
503 3324 570 3367 esse
590 3314 719 3365 vexatas.
763 3302 973 3380 Quodcumque
994 3317 1097 3360 nomen
1124 3317 1161 3358 ex

146 3411 327 3473 quacumque
357 3409 443 3452 causa
465 3388 627 3450 dederimus
650 3390 685 3448 iis
709 3388 806 3466 quiin
831 3386 906 3446 idem
934 3385 1073 3445 contracti
1098 3384 1160 3443 lue·

145 3481 200 3539 rint
224 3522 273 3537 ...
291 3477 496 3554 hetaeriaeque
518 3473 600 3535 brevi
616 3472 693 3553 iient.
726 3469 821 3531 Satius
838 3472 934 3550 itaque
950 3478 998 3615 clepe
1012 3469 1187 3549 conpararit

190 3565 263 3617 Purur
278 3564 328 3619 Es.
