2588 4116
310 253 572 317 nursuuunnuu
587 266 729 321 sn-sn
744 259 910 335 [sn-ss]
1050 259 1114 323 219

474 406 588 468 uvrnr.
611 407 743 487 [unuin]

329 505 357 555 G.
373 504 498 557 PLINIUS
516 507 660 558 TRAIANO
679 508 886 561 IMPERATORI.

168 607 283 668 Flavius
305 608 470 687 Archippus
492 627 545 687 per
565 608 684 671 salutem
701 619 776 671 tuam
792 613 1046 689 aeternitatemque
1061 630 1111 690 pe·

104 694 138 754 tit
149 711 165 751 a
178 710 224 751 me
240 701 271 751 nt
285 690 414 752 libellum
429 710 513 770 quam
527 693 593 753 milui
609 693 687 754 dedit
703 697 844 756 mitterem
863 696 923 756 tihi.
955 694 1039 768 Quod
1054 712 1112 772 ego

75 779 148 838 osio
163 776 274 853 roganti
292 775 491 854 praestandum
506 779 613 856 putavi,
629 779 668 837 ita
682 788 776 840 tamen
788 790 818 840 ut
833 781 984 841 missurum
1000 798 1045 838 me
1061 798 1110 838 no-

103 869 162 920 tum
176 861 344 920 accusatrici
358 861 420 920 eius
435 860 578 936 iacerem,
595 880 610 920 a
627 880 681 940 qua
698 866 803 942 etipsa
818 871 968 942 acceptum
983 861 1112 922 libellum

102 943 148 1003 his
165 942 295 1023 epistulis
310 944 404 1021 iunxi,
427 961 484 1023 quo
506 944 617 1005 facilius
639 943 720 1006 velut
734 947 826 1007 audita
840 957 959 1024 utraque
975 956 1055 1025 parte
1071 947 1111 1006 di·

103 1029 235 1104 spiceres
250 1026 316 1105 quid
331 1026 508 1087 statuendum
525 1038 650 1105 putares.

59 1208 94 1259 ,0
494 1176 716 1256 innuunt]

441 1274 602 1325 TRAIANUS
620 1276 725 1325 Pinnio
745 1275 771 1326 S.

147 1374 240 1435 Potuit
256 1374 368 1452 quidem
385 1378 535 1453 ignorasse
556 1377 733 1438 Domitianus
753 1380 780 1437 in
799 1395 856 1456 quo
872 1386 946 1437 statu
963 1388 1041 1438 esset
1056 1377 1110 1436 Ar·

106 1459 246 1537 chippus,
270 1477 335 1519 cum
350 1469 405 1520 tam
426 1460 512 1521 multa
529 1460 564 1520 ad
585 1460 723 1521 honorem
737 1463 799 1533 eius
817 1462 988 1539 pertinentia
1002 1461 1110 1521 scrihe-

104 1552 162 1602 ret:
181 1543 233 1603 sed
254 1561 336 1603 meae
358 1554 473 1604 naturae
495 1544 735 1606 accommodatius
757 1555 802 1606 est
818 1543 939 1605 credere
955 1545 1038 1604 etiam
1054 1553 1110 1605 sta·

61 1638 95 1689 15
105 1628 144 1685 tui
160 1627 221 1686 eius
237 1628 407 1688 subventum
421 1630 581 1689 interventu
596 1630 747 1708 principis,
763 1629 931 1707 praesertim
947 1646 1010 1687 curn
1025 1630 1109 1688 etiam

104 1719 256 1770 statuarum
271 1713 298 1770 ei
312 1711 404 1771 honor
418 1713 525 1772 totiens
541 1711 676 1774 decretus
698 1715 734 1773 sit
751 1713 836 1773 abiis
852 1713 899 1790 qui
918 1731 977 1773 non
995 1713 1107 1789 ignora·

103 1794 170 1855 bant
192 1795 259 1872 quid
275 1794 310 1855 de
333 1795 384 1855 illo
406 1794 520 1856 Paullus
538 1796 694 1875 proconsul
717 1798 938 1876 pronuntiasset.
972 1795 1052 1869 Quae
1067 1804 1109 1856 tass

102 1896 183 1955 men,
212 1881 250 1937 mi
266 1879 399 1939 Secunde
423 1880 584 1956 carissime,
600 1900 657 1940 non
672 1897 708 1939 eo
723 1882 867 1959 pertinent
883 1889 930 1958 ut,
947 1882 971 1940 si
986 1879 1053 1958 quid
1067 1879 1108 1939 illi

102 1965 169 2020 novi
186 1963 308 2021 criminis
324 1961 461 2040 obicitur,
483 1965 573 2022 minus
597 1964 632 2022 de
649 1981 685 2023 eo
701 1963 869 2022 audiendum
887 1974 981 2040 putes.
1014 1962 1108 2023 Libel-

57 2053 94 2105 20
103 2044 148 2104 los
162 2043 263 2103 Furiae
280 2044 389 2103 Primae
404 2047 602 2122 accusatricis,
618 2047 685 2104 item
699 2047 790 2124 ipsius
805 2045 962 2124 Archippi,
979 2063 1051 2122 quos
1068 2045 1107 2105 al·

103 2128 155 2187 teri
170 2126 311 2205 epistulae
325 2136 391 2186 tuae
405 2128 547 2204 iunxeras,
563 2126 631 2204 legi.

471 2278 543 2338 uxr.
565 2277 725 2355 [exuunt

327 2376 352 2427 C.
370 2376 498 2427 PLlNlUS
514 2376 659 2427 TRAIANO
676 2375 881 2426 IMPERATORI.

57 2511 93 2563 25
163 2494 205 2553 Tu
227 2496 356 2575 quidem,
378 2496 506 2573 domine,
531 2494 780 2574 providentissime
799 2495 962 2554 venerisne
979 2492 1136 2558 commis-1

103 2598 153 2639 sus
168 2578 272 2639 lumini
295 2590 380 2658 atque
401 2580 527 2640 itamari
548 2580 628 2640 lacus
644 2580 756 2640 alluat:
779 2577 832 2639 sed
853 2595 909 2655 ego
927 2578 954 2635 in
971 2594 1004 2634 re
1025 2592 1107 2653 prae·

104 2663 177 2722 senti
198 2663 343 2724 invenisse
361 2663 462 2724 videor
481 2663 715 2741 quemadmodum
738 2663 804 2723 huic
821 2660 951 2741 periculo
974 2676 1108 2719 occurre-

102 2763 173 2804 rem.
203 2745 302 2807 Potest
324 2748 397 2806 enim
414 2745 494 2807 lacus
508 2746 588 2807 fossa
602 2765 694 2825 usque
709 2746 744 2807 ad
760 2745 865 2807 llumen
879 2745 981 2806 adduci
996 2762 1052 2803 nec
1067 2751 1133 2808 tal

103 2846 167 2888 man
182 2831 209 2888 in
225 2830 328 2891 ilumen
349 2831 455 2908 emitti,
477 2830 530 2891 aad
548 2831 651 2891 relicto
668 2833 748 2910 quasi
764 2833 890 2908 margine
903 2829 1042 2889 contineri
1059 2844 1108 2904 pa·

58 2922 95 2976 30
104 2916 173 2973 riter
187 2924 216 2974 et
231 2913 329 2974 dirimi.
352 2914 401 2974 Sic
413 2932 623 2993 consequemur
635 2923 667 2974 ut
681 2933 737 2975 nec
750 2916 844 2975 vicino
857 2913 988 2974 videatur
1004 2911 1108 2970 flumini

103 3001 208 3058 mixtus
231 3008 260 3058 et
281 3000 318 3060 sit
338 2997 456 3076 perinde
477 3016 511 3058 ac
531 2999 556 3058 si
579 3001 741 3060 misceatur.
774 2997 836 3057 Erit
857 2998 932 3058 enim
954 2994 1039 3055 lacile
1055 3010 1108 3071 per

103 3082 179 3142 illam
193 3082 389 3143 brevissimam
405 3090 508 3141 terram
525 3099 597 3160 quae
614 3082 792 3141 interiacebit
807 3080 927 3140 advecta
944 3078 1023 3137 lossa
1038 3093 1108 3135 one-

101 3185 133 3226 ra
147 3175 335 3243 transponere
356 3165 384 3222 in
403 3165 516 3225 flumen.
551 3163 634 3237 Quod
649 3166 687 3223 ita
704 3166 768 3239 liet,
788 3166 813 3223 si
830 3163 990 3221 necessitas
1007 3167 1134 3234 coget,3

103 3260 143 3326 et,
159 3267 258 3328 spero,
273 3267 329 3310 non
344 3259 440 3325 coget.
458 3248 511 3308 Est
525 3250 599 3308 enim
614 3258 644 3308 et
658 3246 738 3307 lacus
752 3246 817 3324 ipse
829 3247 897 3306 satis
908 3243 981 3303 altus
995 3251 1024 3301 et
1034 3257 1108 3299 nunc

59 3345 94 3399 35
103 3336 131 3393 in
148 3336 313 3394 contrariam
329 3342 437 3411 partem
452 3332 555 3392 llumen
571 3333 689 3407 emittit,
711 3329 787 3408 quod
802 3326 987 3389 interclusum
1000 3324 1066 3385 iude
1080 3333 1110 3383 et
1217 3388 1221 3393 ,

103 3435 161 3497 quo
175 3417 305 3477 volumus
320 3434 451 3477 aversum
469 3418 530 3475 sine
546 3414 605 3473 ullo
621 3414 791 3473 detrimento
806 3411 886 3472 lacus
900 3419 1007 3471 tanturn
1019 3426 1108 3487 aquae

105 3511 236 3580 quantum
255 3519 330 3560 nunc
349 3508 443 3580 portat
464 3496 600 3558 ellundet.
631 3496 784 3556 Praeterea
803 3513 857 3575 per
873 3494 902 3554 id
921 3496 1042 3573 spatium
1057 3509 1111 3571 per
