2588 4116
274 234 277 239 ·
378 210 644 273 PANEGYRICUS
661 222 705 277 69.
718 221 762 276 70.
774 223 816 277 71.
1046 214 1110 278 283

97 382 161 423 mae
182 361 290 422 reditus
306 366 423 441 egregia
441 365 642 425 constitutione
658 364 833 425 fundaverat.
861 362 924 427 lloc
936 369 1045 428 senatui
1060 368 1108 428 ad·

98 445 252 525 legandum
266 447 380 523 putasti.
420 444 478 507 Gur
492 449 567 507 enim
581 458 611 507 te
627 450 775 527 principe,
799 451 847 527 qui
861 454 978 527 generis
993 453 1033 510 tui
1051 452 1108 511 ela·

98 535 211 592 ritatem
231 530 335 591 virtute
358 532 517 609 superasti,
545 531 671 591 deterior
693 542 774 593 esset
795 532 918 594 conditio
940 518 1038 594 eorum
1060 538 1107 613 qui

97 625 234 696 posteros
254 613 361 675 habere
380 614 493 674 nobiles
508 625 686 675 mererentur
701 633 782 693 quam
799 634 895 676 eorum
914 620 961 695 qui
974 626 1108 697 parentes

71 695 285 762 ababuissent‘?
316 698 339 758 0
356 708 385 757 te
404 697 518 774 dignum
534 700 582 776 qui
597 697 632 757 de
646 701 855 777 magistratibus
871 704 976 761 nostris
992 719 1108 780 semper

97 785 171 844 baec
188 783 317 857 nunties,
343 800 397 840 nee
419 784 521 861 poenis
535 780 671 841 malorum
685 783 738 843 sed
754 784 892 843 bonorum
907 787 1039 862 praemiis
1057 786 1108 845 bo·

98 885 153 927 nos
168 865 272 925 iacias!
293 866 428 925 Accensa
442 875 488 924 est
502 868 650 942 iuventus,
670 869 818 944 erexitque
832 870 941 928 animos
960 869 997 929 ad
1012 886 1107 929 aemu-

97 949 210 1011 landum
224 948 300 1026 quod
316 948 422 1008 laudari
436 948 568 1026 videbat,
584 967 639 1008 nee
650 949 703 1010 luit
714 952 862 1029 quisquam
873 969 957 1029 quem
969 969 1025 1012 non
1036 952 1109 1011 baec

100 1035 236 1111 cogitatio
252 1032 377 1108 subiret,
395 1050 459 1091 cnm
476 1033 581 1108 sciret,
599 1032 733 1111 quidquid
748 1052 764 1092 a
779 1052 894 1112 quoque
909 1038 936 1094 in
953 1037 1109 1112 provinciis

56 1118 174 1181 lobene
197 1118 296 1192 lieret,
319 1117 410 1174 omnia
430 1125 460 1175 te
481 1118 569 1175 scire.
605 1116 681 1177 Utile
705 1128 767 1192 est,
789 1116 913 1194 Caesar,
937 1128 966 1177 et
986 1117 1109 1178 salutare

97 1200 278 1281 praesidibus
293 1201 499 1277 provinciarum
520 1198 592 1258 hanc
607 1198 713 1259 babere
729 1201 875 1279 fiduciam,
899 1212 1026 1279 paratum
1041 1221 1108 1261 esse

98 1285 240 1346 sanctitati
251 1292 280 1342 et
292 1283 445 1342 industriae
458 1300 527 1342 suae
538 1283 685 1341 maximum
698 1285 868 1360 praemium,
887 1284 1019 1344 iudicium
1032 1288 1106 1362 prin·

98 1370 189 1446 cipis,
218 1367 381 1443 suffragium
402 1367 551 1444 principis.
582 1365 685 1425 Adbuc
706 1374 799 1425 autem
821 1366 974 1445 quamlibet
995 1370 1107 1427 siccem

97 1460 235 1528 rectaque
249 1452 378 1527 ingenia,
401 1452 455 1509 etsi
477 1468 533 1510 non
554 1447 758 1528 detorquebat,
781 1450 933 1510 hebetabat
949 1460 1042 1510 tamen
1056 1453 1107 1509 mi·

60 1548 164 1599 lisera
186 1533 239 1593 sed
253 1552 322 1593 uera
343 1535 503 1610 reputatio,
532 1532 625 1592 ‘vides
648 1535 736 1592 enim:
766 1536 790 1593 si
812 1534 879 1612 quid
902 1534 1104 1609 benefecero,

98 1621 172 1680 sciet
186 1615 313 1678 Caesar?
335 1626 383 1676 aut
404 1619 428 1679 si
448 1618 562 1692 scierit,
585 1618 776 1677 testimonium
797 1616 931 1678 reddet'?
950 1616 991 1677 lta
1006 1618 1106 1678 eadem

97 1702 146 1761 illa
160 1720 211 1761 seu
227 1701 412 1778 neglegentia
425 1719 477 1761 seu
492 1699 651 1777 malignitas
665 1703 838 1780 principum,
862 1720 925 1761 eum
946 1701 1019 1761 male
1038 1720 1106 1761 eon·

98 1785 181 1847 sultis
202 1786 401 1863 inpunitatem,
422 1794 504 1845 recte
520 1784 604 1844 iactis
618 1784 725 1844 nullum
740 1788 894 1864 praemium
909 1785 1106 1863 polliceretur,

98 1887 154 1929 nec
173 1867 240 1928 illos
258 1887 275 1928 a
296 1870 413 1927 crimine
442 1868 542 1928 ethos
564 1869 726 1929 deterrebat
747 1887 763 1927 a
783 1868 877 1929 laude.
909 1871 947 1929 At
963 1887 1055 1946 nunc,
1082 1871 1106 1929 si

55 1954 174 2016 robene
188 1951 290 2028 aliquis
305 1952 478 2028 provinciam
498 1953 622 2024 rexerit,
642 1952 707 2008 buic
724 1955 851 2028 quaesita
866 1954 969 2012 virtute
985 1953 1107 2029 dignitas

98 2038 227 2096 ollertur.
259 2032 340 2092 Patet
361 2034 436 2091 enim
454 2033 583 2092 omnibus
599 2034 716 2094 honoris
739 2042 769 2092 et
789 2033 899 2109 gloriae
919 2053 1051 2113 campus:
1072 2054 1109 2094 ex

98 2121 155 2178 boc
171 2120 292 2195 quisque
308 2115 385 2194 quod
402 2116 479 2192 cupit
495 2124 591 2192 petat,
614 2126 642 2174 et
657 2114 811 2176 adsecutus
828 2116 883 2176 sibi
899 2116 1011 2176 debeat.
1040 2118 1107 2176 Pro·

98 2203 201 2261 vinciis
224 2217 340 2278 quoque
358 2201 384 2257 in
404 2208 550 2275 posterum
565 2207 594 2258 et
609 2200 769 2257 iniuriarum
787 2208 893 2258 metum
909 2209 938 2259 et
954 2201 1106 2259 accusandi

98 2286 303 2346 necessitatem
316 2283 461 2343 remisisti.
490 2279 561 2340 Nam
582 2282 606 2342 si
624 2282 783 2359 proluerint
797 2282 900 2360 quibus
917 2284 1022 2359 gratias
1037 2302 1107 2359 ege·

55 2382 91 2434 25
99 2372 172 2445 rint,
195 2367 230 2427 de
244 2367 324 2428 nullo
340 2368 420 2446 queri
436 2375 586 2443 cogentur.
621 2365 715 2425 Decet
730 2365 836 2444 alioqui
852 2366 920 2425 nihil
935 2368 1025 2442 magis
1041 2384 1107 2443 pro-

100 2454 185 2513 desse
205 2451 350 2512 candidato
365 2450 400 2509 ad
414 2459 571 2528 sequentes
587 2449 712 2510 bonores
728 2467 809 2527 quam
824 2459 968 2526 peractos.
994 2448 1107 2528 Optime

99 2539 278 2613 magistratus
293 2537 475 2613 magistratu,
491 2532 601 2593 bonore
616 2533 708 2593 honor
722 2535 836 2612 petitur.
875 2532 950 2592 Volo
969 2550 1042 2611 ego,
1060 2534 1108 2611 qui

102 2621 276 2698 provinciam
290 2621 396 2678 rexerit
410 2635 467 2677 non
481 2627 588 2677 tantum
601 2617 752 2679 codicillos
767 2619 921 2677 amicorum
932 2635 986 2676 nee
1003 2617 1108 2675 urbana

100 2703 295 2763 coniuratione
309 2700 466 2761 eblanditus
477 2718 582 2779 preces
595 2701 648 2760 sed
659 2701 777 2761 decreta
789 2700 974 2776 coloniarum,
991 2699 1108 2759 decreta

55 2788 246 2850 decivitatum
267 2783 393 2861 adleget.
422 2784 501 2843 Bene
519 2784 663 2861 suilragiis
679 2784 868 2846 consularium
881 2786 1005 2844 virorum
1021 2782 1109 2842 urbes

101 2868 200 2949 populi
215 2877 318 2945 gentes
333 2870 504 2928 inseruntur.
530 2866 766 2927 Eibeaeissimum
782 2886 834 2946 pro
850 2868 998 2928 candidato
1014 2884 1107 2944 genas

100 2964 146 3015 est
163 2952 282 3030 rogandi
297 2953 401 3029 gratias
417 2969 514 3028 agere.
537 2949 596 3009 lam
611 2968 668 3029 quo
683 2952 806 3012 adsensu
817 2961 951 3027 senatus,
968 2969 1025 3028 quo
1037 2967 1106 3027 gau·
1117 2948 1158 3012 71

100 3038 147 3098 dio
169 3045 322 3116 exceptum
338 3045 400 3112 est,
422 3051 486 3094 eum
502 3034 673 3111 candidatis,
695 3044 725 3094 ut
742 3052 884 3111 quemque
899 3036 1107 3108 nominaveras,

101 3121 202 3182 osculo
224 3138 410 3195 occurreres,
434 3118 561 3179 devexus
576 3119 689 3197 quidem
705 3120 732 3176 in
753 3116 867 3195 planum
885 3126 914 3175 et
936 3117 1017 3192 quasi
1037 3133 1108 3174 unus

57 3215 141 3269 35en
158 3202 379 3283 gratulantibus!
408 3200 449 3260 Te
471 3204 557 3261 mirer
577 3203 667 3279 magis
690 3218 724 3259 an
746 3200 896 3278 inprobem
915 3197 982 3257 illos
1003 3198 1051 3275 qui
1066 3196 1108 3255 ei·

101 3288 232 3349 fecerunt
247 3297 277 3346 ut
296 3286 371 3347 istud
392 3303 521 3363 magnum
537 3284 698 3359 videretur,
727 3300 790 3341 eum
807 3281 887 3343 velut
904 3281 987 3339 adfixi
1005 3278 1108 3339 curuli·

101 3372 155 3432 bus
168 3374 228 3432 suis
246 3389 354 3430 manum
372 3377 493 3445 tantum,
520 3379 549 3428 et
563 3368 635 3427 bane
651 3374 816 3426 cunctanter
830 3374 859 3425 et
881 3367 962 3443 pigre
983 3373 1011 3423 et
1027 3365 1108 3440 inpu-

101 3455 225 3515 tantibus
241 3454 348 3516 similes
364 3449 551 3533 promerent?
572 3449 697 3528 Contigit
713 3466 785 3527 ergo
801 3447 894 3508 oculis
908 3449 1014 3508 nostris
1028 3449 1108 3507 inso-
