2588 4116
143 229 204 293 176
565 228 597 287 C.
622 226 717 286 PLlNl

142 383 303 460 stringebar
327 381 495 458 plerumque
518 380 627 457 frigidis
654 381 795 457 negotiis,
825 396 897 456 quao
919 378 1001 439 simul
1025 389 1054 440 et
1083 399 1149 442 avo·

112 452 207 526 ‘tcant
223 468 341 526 animum
358 473 387 524 et
402 465 599 523 comminuunt.
621 463 771 522 Praeterea
785 481 840 522 nec
855 462 969 522 materia
980 463 1063 541 plura
1079 469 1147 525 scri·

143 550 228 609 bendi
252 549 377 609 dabatur.
409 547 510 625 Neque
534 550 607 606 enim
631 547 731 606 eadem
750 555 846 605 nostra
868 545 990 606 conditio
1014 566 1088 626 quae
1110 549 1145 608 Μ.

143 632 235 712 Tulli,
258 632 292 693 ad
310 635 389 692 cuius
406 630 565 710 exemplum
581 648 633 690 nos
653 649 750 691 vocas.
783 629 827 689 Illi
846 633 920 690 enim
934 640 963 689 et
979 633 1146 709 copiosissi-

142 735 217 776 mum
237 719 378 794 ingenium
400 723 428 774 et
446 715 560 793 ingenio
583 732 637 792 qua
658 716 779 774 varietas
799 732 893 774 rerum
914 732 967 793 qua
981 718 1168 792 magnitudoa
1219 764 1221 785 ,

114 801 301 878 dlargissime
319 799 499 877 suppetebat.
527 798 587 858 Nos
603 817 685 876 quam
699 801 826 876 angustis
841 801 966 858 terminis
983 799 1146 863 claudamur
1219 792 1221 819 '

143 886 224 943 etiam
246 892 359 942 tacente
380 899 425 941 me
449 884 608 961 perspicis,
633 882 781 943 nisi'lorte
803 882 933 942 volumus
956 882 1145 946 scholasticas

114 968 191 1028 4tibi
207 965 309 1044 adque,
325 975 355 1026 ut
369 968 406 1026 ita
421 965 522 1042 dicam,
539 967 707 1026 umbraticas
722 965 831 1026 litteras
846 969 965 1026 mittere.
1000 966 1059 1026 Sed
1076 969 1142 1029 nihil

140 1052 230 1109 minus
247 1059 343 1128 aptum
357 1049 537 1127 arbitramur,
560 1068 624 1108 cum
643 1068 717 1109 arma
732 1061 843 1128 vestra,
867 1066 929 1109 cum
945 1059 1055 1127 castra,
1081 1071 1143 1112 cum

114 1134 263 1212 edenique
280 1151 385 1193 cornua
400 1134 482 1193 tubas
497 1133 629 1194 sudorem
641 1134 789 1212 pulverem
802 1134 881 1196 soles
899 1134 1065 1211 cogitamus.
1089 1135 1180 1199 Hali)

52 1284 61 1297 ‚
139 1218 203 1293 bes,
221 1227 352 1297 utputo,
369 1220 469 1278 iustam
483 1219 712 1295 exeusationem,
730 1235 811 1294 quam
823 1227 914 1277 tamen
931 1217 1027 1278 dubito
1043 1238 1078 1278 au
1093 1222 1141 1280 tibi

138 1302 251 1381 probari
269 1301 364 1361 velim.
396 1300 449 1362 Est
471 1303 544 1362 enim
566 1304 664 1361 summi
679 1304 781 1361 amoris
804 1320 909 1380 negare
923 1303 1033 1361 veniam
1049 1303 1141 1363 brevi·
1212 1320 1215 1325 ·

138 1387 192 1446 bus
212 1386 343 1464 epistulis
361 1388 529 1462 amicorum,
546 1386 672 1464 quamuis
687 1387 761 1446 scias
776 1385 832 1445 illis
848 1396 979 1446 constare
994 1389 1138 1448 rationem.

136 1469 216 1527 Vale.

617 1596 666 1656 lll.
1150 1612 1177 1663 ιι

415 1693 441 1745 o.
459 1694 584 1745 Pramus
602 1697 741 1748 oduuino
759 1697 819 1749 suo
837 1699 863 1751 S.

113 1810 127 1858 1
200 1792 282 1851 Alius
303 1793 394 1870 aliud,
415 1812 471 1872 ego
490 1797 682 1857 beatissimum
703 1802 833 1860 existimo
854 1803 902 1880 qui
923 1803 1014 1862 bonae
1029 1822 1137 1864 mansu·

137 1895 243 1954 raeque
262 1876 352 1936 famae
374 1883 604 1959 praesumptione
619 1883 774 1960 perfruitur
794 1895 947 1969 certosque
963 1890 1138 1968 posteritatis

138 1978 200 2020 cum
215 1960 306 2020 futura
317 1960 407 2038 gloria
424 1964 501 2023 vivit.
525 1964 569 2025 llo
583 1967 649 2026 mihi
661 1970 713 2027 nisi
725 1970 877 2048 praemium
889 1975 1062 2034 aeternitatis
1074 1985 1137 2034 ante

109 2042 256 2123 secutos,
282 2046 388 2123 pingue
409 2046 478 2107 illud
500 2048 641 2129 altumque
658 2055 743 2112 otium
759 2052 880 2132 placeat.
912 2055 1024 2116 Etenim
1040 2064 1176 2118 omnestt

136 2128 263 2188 homines
281 2129 401 2190 arbitror
417 2143 552 2209 oportere
567 2145 614 2195 aut
626 2136 850 2199 inmortalitatem
864 2158 941 2199 suam
956 2151 1003 2201 aut
1014 2141 1137 2202 mortali·

135 2219 220 2272 tatem
233 2215 372 2291 cogitare,
390 2225 419 2275 et
430 2215 496 2278 illos
509 2219 621 2296 quidem
634 2222 807 2282 contendere
822 2225 901 2300 eniti,
917 2225 970 2283 bos
987 2227 1138 2303 quiescere

134 2297 238 2357 remitti
255 2317 310 2357 nec
325 2299 442 2360 brevem
457 2303 541 2361 vitam
559 2303 672 2363 caducis
688 2303 831 2363 laboribus
846 2305 982 2382 fatigare,
1006 2320 1036 2368 ut
1053 2310 1138 2370 video

135 2380 239 2440 multos
253 2384 355 2442 misera
370 2384 452 2445 simul
473 2394 502 2446 et
523 2388 631 2464 ingrata
645 2387 764 2461 imagine
780 2385 931 2444 industriae
948 2389 983 2445 ad
998 2391 1140 2453 vilitatem

107 2465 177 2525 3sui
195 2468 355 2541 pervenire.
378 2467 456 2529 llaec
472 2487 528 2546 ego
540 2479 650 2542 tecum,
668 2484 740 2542 quae
756 2466 860 2526 cotidie
875 2484 996 2546 mecum,
1014 2481 1044 2531 ut
1059 2474 1174 2539 desi-tt

134 2563 196 2603 nam
208 2564 329 2625 mecum,
348 2553 371 2610 si
389 2551 540 2612 dissenties
555 2560 600 2618 tu;
616 2566 780 2627 quamquam
791 2567 847 2610 non
860 2550 1024 2631 dissenties,
1043 2563 1137 2639 utqui

133 2645 249 2706 semper
266 2631 370 2692 clarum
383 2633 486 2712 aliquid
501 2641 531 2692 et
544 2630 691 2691 inmortale
707 2633 853 2696 meditere.
872 2633 953 2695 Vale,

594 2764 658 2825 llll.

402 2863 429 2916 G.
449 2863 572 2914 PLINIUS
590 2865 733 2916 MACRINO
753 2866 813 2918 SUO
833 2869 860 2921 S.

103 2972 119 3023 1
190 2961 315 3024 Vererer
336 2982 372 3023 ne
392 2963 557 3025 inmodicam
578 2970 733 3030 orationem
755 2977 870 3049 putares
892 2988 973 3048 quam
996 2991 1060 3032 oum
1078 2974 1132 3035 hac

130 3045 251 3122 epistula
271 3047 411 3125 accipies,
441 3049 494 3108 nisi
516 3060 596 3111 esset
612 3054 727 3129 generis
747 3055 808 3114 eius
831 3063 861 3114 ut
880 3072 969 3133 saepe
992 3057 1130 3137 incipere,

128 3147 218 3208 saepe
234 3129 366 3190 desinere
378 3129 516 3192 rideatur.
538 3134 609 3195 Nam
620 3137 740 3215 singulis
753 3139 915 3200 criminibus
929 3141 1059 3218 singulae
1070 3142 1131 3202 vel·

100 3220 157 3274 tut
178 3231 280 3272 causae
302 3216 491 3276 continentur.
524 3217 634 3280 Poteris
654 3239 742 3299 ergo,
763 3222 961 3302 undecumque
985 3229 1128 3304 coeperis,

128 3296 298 3376 ubicumque
318 3298 455 3380 desieris,
482 3321 555 3383 quae
578 3303 714 3385 deinceps
735 3318 890 3386 sequentur
910 3318 939 3370 et
960 3312 1040 3387 quasi
1061 3311 1171 3372 incito

126 3380 232 3454 pientia
246 3381 346 3462 legere
362 3394 390 3445 et
410 3389 488 3465 quasi
508 3387 688 3450 cohaerentia
703 3408 807 3469 meque
824 3393 851 3451 in
869 3394 1052 3454 universitate
1067 3393 1128 3454 lon·

71 3533 74 3538 ,
125 3460 283 3544 gissimum,
299 3468 493 3531 brevissimum
508 3473 535 3532 in
551 3475 677 3552 partibus
688 3475 822 3535 iudicare.
852 3473 932 3536 Vale.

1139 2896 1172 2950 30
