2588 4116
129 224 172 285 30
554 220 587 280 C.
607 221 704 280 PllNl

129 386 159 435 et
174 375 257 434 nobis
271 374 428 449 invidebis,
450 373 501 432 tibi
514 374 632 432 maxima
649 371 747 446 laude,
770 370 852 429 nobis
867 369 1036 449 voluptate?
1062 375 1129 433 Sine

128 477 182 537 per
196 475 246 517 ora
260 456 401 516 hominnm
416 456 542 516 ferantur
551 455 698 533 isdemque
710 454 812 532 quibus
822 453 916 531 lingua
927 453 1052 515 Romana
1065 477 1129 536 spa-

128 544 175 602 tiis
197 549 398 618 pervagentur.
431 537 533 616 lisgna
552 548 582 598 et
603 540 657 596 iam
676 537 761 614 longa
777 540 938 615 expectatio
957 549 1019 614 est,
1046 560 1128 618 quam

103 625 256 688 3irustrari
276 622 368 683 adhuc
384 632 413 680 et
434 622 547 681 diiierre
568 638 625 680 non
642 620 741 681 debes.
770 619 947 681 Enotuerunt
963 623 1074 700 qnidam
1088 629 1128 684 tui

128 727 230 769 versus
247 716 276 766 et
291 708 378 765 inrito
392 714 422 764 tc
439 704 561 764 claustra
576 721 627 764 sna
642 703 832 781 refregemnt.
862 704 921 765 Hos
937 708 991 766 nisi
1007 708 1152 775 retrahis5

127 795 155 850 in
172 809 288 868 corpus,
304 789 473 867 quandoque
488 798 519 848 nt
538 804 656 848 errones
673 786 796 866 aliquem
813 790 892 849 cuius
909 788 1035 849 dicantur
1049 793 1128 850 inve-

102 878 212 937 4nient.
241 872 321 931 Habe
343 882 407 930 ante
423 870 524 943 oculos
539 869 754 947 mortalitatem,
776 888 792 929 a
808 888 862 949 qua
876 870 1011 933 adserere
1025 883 1054 934 te
1072 874 1128 933 hoc

127 974 182 1016 unc
198 957 370 1015 monimento
393 963 494 1032 potes:
516 972 579 1013 narn
597 964 693 1014 cetera
714 954 823 1030 fragilia
841 965 871 1013 et
886 954 992 1014 caduca
1005 975 1062 1016 non
1078 960 1127 1015 rni-

42 1080 49 1090 -
126 1059 178 1098 nus
194 1056 276 1117 quam
290 1040 345 1116 ipsi
362 1038 490 1096 homines
507 1037 640 1097 occidunt
656 1036 852 1114 desinuntque.
871 1035 971 1113 Dices,
987 1049 1017 1098 ut
1035 1039 1125 1115 soles,

99 1124 219 1184 &amici
230 1123 284 1180 mei
295 1120 438 1180 viderint'.
463 1119 538 1199 Opto
550 1119 682 1198 equidem
693 1121 799 1179 amicos
815 1120 864 1178 tihi
876 1129 931 1179 tam
942 1120 1054 1198 fideles,
1071 1133 1126 1182 tam
1136 1140 1164 1190 lc

126 1205 264 1281 eruditos,
279 1213 335 1263 tam
352 1204 523 1280 laboriosos,
538 1212 568 1262 ut
584 1212 688 1263 tantum
705 1221 789 1263 curae
804 1205 1023 1282 intentionisque
1037 1208 1126 1266 susci·

127 1308 198 1366 pere
216 1299 246 1348 et
263 1290 374 1366 possint
390 1296 419 1347 et
439 1287 545 1364 velint,
569 1287 621 1347 sed
637 1287 747 1365 dispice
761 1306 797 1348 ne
813 1289 850 1347 sit
865 1305 963 1366 parum
979 1289 1126 1367 providum

100 1383 243 1451 6sperare
264 1390 302 1431 ex
321 1371 383 1432 aliis
400 1371 477 1448 qnod
496 1371 547 1431 tibi
563 1373 626 1449 ipse
647 1389 704 1430 non
723 1380 862 1449 praestes.
893 1370 930 1432 Et
948 1372 984 1432 de
1002 1372 1125 1432 editione

127 1457 241 1534 quidem
256 1458 366 1515 interim
380 1465 411 1514 ut
425 1454 524 1515 voles:
540 1456 630 1514 recita
646 1454 759 1533 saltem,
776 1472 833 1534 qno
844 1456 933 1533 magis
944 1455 1031 1515 libeat
1046 1459 1126 1515 emit·

125 1551 204 1615 tere,
221 1548 309 1616 utque
325 1538 436 1598 tandem
452 1539 595 1616 percipias
611 1537 758 1616 gaudium,
777 1537 853 1615 quod
869 1555 926 1613 ego
943 1537 1009 1596 clim
1027 1558 1080 1615 pro
1096 1550 1125 1598 te
1136 1552 1164 1604 15

99 1631 178 1686 tnon
195 1630 303 1681 temere
319 1638 480 1700 praesumo.
502 1619 643 1698 Imaginor
658 1623 732 1680 enim
747 1622 794 1699 qui
810 1636 974 1695 concursus,
991 1639 1064 1698 quae
1077 1623 1124 1681 ad-

124 1707 233 1764 miratio
247 1714 288 1781 te,
305 1707 352 1783 qui
365 1704 481 1782 clamor,
499 1705 575 1782 quod
590 1706 674 1764 etiam
688 1703 830 1764 silentium
842 1713 967 1771 maneat;
984 1722 1040 1782 quo
1055 1725 1123 1782 ego,

125 1805 189 1846 eum
204 1787 269 1846 dico
286 1787 333 1847 vel
355 1789 464 1866 recito,
487 1805 543 1848 non
564 1789 654 1848 minus
672 1804 755 1866 quam
777 1786 900 1847 clamore
919 1786 1065 1865 delector,
1088 1791 1125 1848 sit

123 1871 207 1930 modo
223 1871 365 1931 silentium
380 1889 446 1931 acre
458 1880 488 1931 et
502 1872 638 1933 intentum
653 1880 683 1931 et
694 1870 826 1947 cupidum
837 1871 972 1932 ulteriora
983 1872 1121 1932 audiendi.

97 1953 184 2016 8Hoc
196 1955 289 2015 iructu
304 1964 392 2032 tanto,
409 1965 465 2017 tam
479 1964 577 2035 pareto
594 1954 692 2015 desine
708 1954 799 2016 studia
810 1964 857 2016 tua
867 1956 972 2016 infinite
986 1959 1039 2017 ista
1055 1976 1121 2015 eun·
1131 1969 1164 2020 20

124 2040 246 2099 emtione
262 2039 407 2110 iraudare;
427 2057 499 2118 qnae
515 2057 578 2100 oum
592 2037 705 2098 modum
721 2038 846 2119 excedit,
862 2040 1016 2102 verendum
1031 2050 1123 2100 estne

122 2124 239 2183 inertiae
258 2134 287 2184 et
298 2125 424 2186 desidiae
438 2122 485 2184 rel
504 2124 587 2184 etiam
601 2123 756 2185 timiditatis
773 2142 877 2186 nornen
891 2127 1019 2202 accipiat.
1041 2122 1120 2183 Vale.

594 2256 644 2316 XL
691 2282 696 2291 ,
760 2282 765 2303 3
845 2264 851 2275 .

393 2357 419 2408 e.
440 2353 565 2405 ananius
581 2354 726 2402 scamno
746 2352 805 2401 suc
823 2318 848 2401 ε’.
1131 2383 1163 2434 ,5

95 2471 110 2518 1
182 2456 264 2515 Solet
281 2474 348 2516 esse
363 2454 467 2530 gaudio
484 2454 549 2527 tihi,
564 2453 667 2527 siquid
683 2459 775 2510 actum
791 2458 836 2509 est
851 2449 879 2507 in
893 2458 992 2509 senatu
1008 2450 1122 2526 dignum

121 2538 219 2595 ordine
240 2535 298 2595 iilo.
333 2533 466 2607 Quamvis
488 2535 561 2593 enim
578 2534 681 2609 qnietis
699 2548 795 2591 amore
820 2534 994 2610 secesseris,
1017 2534 1122 2596 insidet

119 2629 212 2677 tamen
228 2619 319 2677 animo
336 2625 385 2676 tno
407 2617 560 2676 maiestatis
575 2614 706 2694 publicae
723 2631 797 2676 onra.
829 2615 941 2696 Accipe
958 2634 1028 2694 ergo
1045 2620 1121 2696 quod

120 2719 173 2778 per
187 2700 240 2760 hos
256 2700 317 2760 dies
329 2707 422 2759 actum
436 2707 492 2778 est,
509 2716 650 2777 personae
662 2699 788 2761 claritate
803 2698 952 2778 famosum,
966 2704 1118 2761 severitate

92 2783 242 2861 texempii
260 2782 390 2859 salubre,
415 2784 457 2842 rei
478 2783 667 2861 magnitudine
690 2792 845 2845 aeternum.
878 2783 981 2844 illarius
1004 2784 1117 2846 Priscus
1126 2795 1161 2850 30

118 2864 316 2926 accusantibus
333 2864 421 2943 diris,
438 2866 539 2944 quihus
554 2885 606 2946 pro
620 2867 738 2937 consule
752 2867 884 2949 praefuit,
901 2870 1005 2930 omissa
1019 2867 1117 2929 deien-

119 2949 200 3008 sione
214 2949 324 3010 iudices
337 2951 427 3028 petiit.
448 2949 512 3028 Ego
525 2960 554 3010 et
569 2948 718 3014 Cornelius
734 2950 865 3030 Tacitus,
885 2952 988 3013 adesse
1003 2956 1116 3031 provin

118 3031 235 3094 cialibus
249 3035 337 3111 iussi,
353 3035 572 3095 existimavimus
585 3035 650 3096 iidei
668 3046 782 3097 nostrae
795 3037 948 3097 convenire
961 3046 1058 3096 notum
1069 3056 1115 3098 se·

116 3117 191 3176 natui
212 3116 309 3178 iacere
331 3119 495 3178 excessisse
511 3117 637 3179 Priscum
652 3122 811 3180 inmanitate
827 3130 856 3181 et
871 3122 987 3180 saevitia
1002 3122 1115 3180 crimina

117 3200 218 3277 quihus
234 3202 291 3261 dari
306 3201 415 3263 iudices
426 3212 556 3280 possent,
570 3221 633 3263 cum
646 3205 682 3263 oh
694 3205 861 3264 innocentes
874 3202 1111 3279 condemnandos,
1124 3212 1156 3281 sp

91 3283 328 3346 dinteriiciendos
351 3285 450 3362 etiam,
472 3287 608 3364 pecunias
629 3288 800 3367 accepisset.
835 3286 994 3366 Respondit
1009 3285 1114 3346 Fronto

118 3362 214 3428 (iatius
235 3367 464 3448 deprecatusque
485 3377 585 3429 estne
609 3370 676 3448 quid
696 3371 768 3432 ultra
786 3369 1003 3450 repetundarum
1018 3368 1114 3448 legem

117 3459 313 3533 quaereretur,
332 3453 480 3532 omniaque
495 3453 613 3516 actionis
629 3472 696 3516 suae
712 3453 788 3535 vela,
804 3456 847 3514 vir
861 3454 1059 3515 movendarum
1074 3454 1114 3514 la-
