2588 4116
245 235 307 301 252
674 234 707 294 C.
731 233 828 294 PLlNl

246 412 307 459 res;
333 392 441 468 gratius
454 398 546 447 tamen
560 386 637 463 quod
652 389 757 446 sensim
773 395 802 445 et
817 384 947 464 placide,
964 394 995 445 et
1009 397 1153 464 quantum
1169 408 1249 469 respe

248 478 380 535 stantium
396 473 476 532 turba
498 479 660 549 pateretur,
682 468 850 545 incederes,
872 468 950 546 quod
972 474 1194 532 occursantium
1212 490 1249 551 po

248 559 331 638 palus
348 568 376 618 te
392 574 524 635 quoque,
541 563 570 614 tc
585 555 669 612 immo
682 555 801 613 maxime
816 562 938 629 artaret,
962 554 1044 631 quod
1059 557 1159 633 primo
1175 559 1247 618 stetin

250 644 293 703 die
310 643 383 703 latus
397 651 475 701 tuum
491 636 625 699 crederes
641 637 780 697 omnibus.
802 635 905 715 Neque
921 639 998 696 enim
1016 638 1147 716 stipatus
1159 639 1247 701 satelli·

248 738 305 786 tum
322 744 420 800 manu,
445 722 498 783 sed
514 721 701 781 circumfusus
718 720 841 800 undique
856 738 930 779 nunc
945 731 1067 783 senatus
1084 741 1164 783 nnnc
1178 736 1258 802 equet

248 813 314 869 stris
329 808 434 867 ordinis
450 807 537 881 llore,
553 816 638 883 prout
653 805 817 865 alterutrum
828 805 1007 882 frequentiae
1020 825 1121 882 genus
1133 807 1245 868 invallis·

250 902 311 968 set,
333 891 452 950 silentes
470 892 641 968 quietosque
659 889 777 949 lictores
793 898 858 949 tuos
876 888 1120 966 subsequebare:
1137 910 1198 950 nam
1210 892 1245 949 ni·

249 976 314 1035 lites
344 974 411 1032 nihil
434 992 449 1032 a
471 972 559 1051 plebe
580 972 676 1032 habitu
698 971 897 1050 tranquillitate
916 972 1061 1033 modestia
1083 974 1244 1035 differebant

251 1058 304 1117 Ubi
319 1075 389 1116 vero
407 1058 529 1134 coepisti
545 1054 716 1135 Capitolium
730 1055 906 1131 ascendere,
931 1074 1016 1134 quam
1032 1056 1113 1117 laeta
1135 1058 1245 1117 omnibus
1272 1100 1276 1155 ,

248 1141 409 1219 adoptionis
429 1149 494 1200 tuae
513 1140 689 1199 recordatio!
725 1157 807 1218 quam
830 1139 975 1217 peculiare
998 1140 1141 1217 gaudium
1163 1146 1277 1239 corunltp

250 1228 296 1303 qui
313 1235 340 1285 te
355 1226 435 1303 primi
450 1221 552 1284 eodem
567 1222 634 1283 loco
649 1223 839 1284 salutaverant
853 1224 1072 1303 imperatorem!
1091 1224 1167 1298 Quin
1178 1227 1246 1286 ctiam

249 1309 332 1369 deum
347 1312 438 1387 ipsum
453 1318 520 1367 tunc
534 1308 714 1386 praecipuam
728 1307 904 1385 voluptatem
916 1310 1015 1385 operis
1027 1309 1075 1369 sui
1090 1312 1245 1389 percepisse

250 1392 425 1453 crediderim.
456 1391 493 1451 Ut
515 1391 627 1469 quidem
642 1391 734 1452 isdem
747 1393 877 1468 vestigiis
892 1393 1019 1452 institisti
1035 1393 1144 1470 quibus
1159 1408 1246 1473 parem

249 1487 313 1538 turus
333 1479 434 1551 ingens
457 1474 526 1534 illud
546 1474 664 1534 deorum
685 1474 846 1554 prolaturus
867 1493 1018 1553 arcanum,
1047 1495 1128 1555 quae
1144 1481 1246 1538 circum·

249 1562 378 1621 stantium
398 1557 513 1635 gaudia!
540 1577 623 1636 quam
642 1577 746 1619 recens
769 1558 888 1619 clamor!
915 1578 999 1637 quam
1020 1561 1126 1622 similis
1142 1561 1183 1622 illi
1196 1560 1266 1621 diecti

250 1646 297 1722 qni
309 1643 382 1701 lirrnc
394 1644 491 1719 genuit
504 1641 592 1701 diem!
608 1652 637 1702 ut
652 1641 737 1721 plena
751 1642 901 1720 altaribus,
917 1653 1037 1720 angusta
1052 1646 1179 1705 victimis
1193 1663 1247 1705 cur·

253 1726 312 1786 eto!
339 1727 410 1786 utin
427 1727 507 1786 unius
524 1726 643 1786 salutem
659 1725 762 1786 collata
783 1728 905 1786 omnium
920 1726 1001 1787 vota!
1027 1745 1094 1787 cum
1110 1729 1164 1790 sibi
1179 1748 1208 1789 se
1220 1744 1247 1786 ac
1275 1758 1279 1780 :

251 1810 349 1872 liberis
366 1810 425 1869 suis
443 1809 644 1886 intellegerent
656 1810 768 1889 precari
780 1828 853 1887 quae
868 1827 920 1889 pro
933 1818 962 1869 te
974 1824 1173 1889 precarentur.
1189 1810 1247 1871 lude

251 1902 280 1951 ιιι
301 1894 327 1951 iu
347 1891 478 1971 palatium
496 1893 626 1971 quidem,
658 1892 710 1954 sed
724 1911 761 1952 eo
776 1893 872 1970 vultu,
901 1911 935 1952 ea
949 1893 1162 1971 moderatione,
1186 1905 1215 1954 ut
1227 1894 1246 1955 si

251 1979 384 2057 privatum
400 1976 511 2037 domurn
527 1987 658 2055 peteres;
678 1979 766 2037 ceteri
779 1977 814 2037 ad
830 1986 948 2055 penates
964 1995 1034 2038 suos
1050 1982 1189 2059 quisque,
1203 1976 1272 2038 ite-t)
1288 2005 1290 2055 !

198 2056 240 2117 *tt
253 2071 362 2121 naturus
382 2063 476 2137 prandii
493 2062 593 2138 iidem,
616 2064 663 2122 ubi
681 2061 758 2121 nulla
772 2064 931 2122 necessitas
947 2061 1094 2138 gaudendi
1111 2073 1165 2124 est.
1181 2061 1244 2122 (lne-
1274 2064 1279 2119 Ι

250 2156 341 2205 ruisset
366 2144 448 2205 alitam
473 2144 631 2206 eiusmodi
655 2147 797 2213 introitum
833 2155 863 2204 tu
886 2145 991 2205 cotidie
1015 2145 1205 2207 admirabilior
1222 2154 1245 2204 ct

250 2230 366 2303 aurelian,
392 2230 455 2289 tulis
476 2231 598 2308 denique
618 2229 719 2307 spinales
739 2228 786 2288 alii
803 2231 948 2307 principes
969 2229 1083 2290 luturos
1104 2248 1138 2291 se
1154 2238 1245 2291 tanum

251 2313 430 2391 prrrllieentur.
453 2313 551 2372 Sirium
562 2330 633 2390 ergo
647 2323 675 2372 tc
691 2313 868 2375 commendat
878 2321 1023 2392 augetque
1036 2316 1178 2392 temporis
1192 2330 1245 2391 spn-

249 2399 323 2455 tium.
349 2396 463 2455 ltrrnristi
479 2400 553 2456 enim
568 2415 601 2457 ac
616 2398 752 2457 miscuisti
770 2415 816 2457 res
829 2397 1052 2473 diversissimas,
1067 2384 1269 2459 securitatenss
1284 2434 1290 2483 i

249 2478 316 2537 oiim
335 2482 498 2557 irnpemntis
514 2490 543 2540 et
560 2482 721 2558 incipientis
736 2480 883 2557 pudorem.
904 2480 969 2540 Non
983 2491 1013 2541 tu
1025 2479 1133 2540 civium
1146 2480 1245 2559 ample·

250 2580 300 2617 nus
318 2562 353 2619 nd
375 2562 464 2639 pedes
481 2570 544 2621 tuos
559 2563 693 2641 deprimis
708 2581 763 2622 nec
778 2564 907 2624 osculum
926 2582 1008 2624 manu
1022 2563 1136 2624 reddis:
1163 2570 1246 2625 manet

248 2646 409 2719 irrqrerutori
430 2662 502 2721 quac
517 2648 594 2723 prior
612 2648 669 2705 oris
684 2647 847 2708 humanitas.
876 2646 1036 2708 Incedebas
1050 2648 1192 2726 pedibus3
1212 2649 1244 2706 in·

249 2726 342 2785 cedis:
362 2726 510 2789 laetabaris
525 2727 639 2797 labore;
657 2730 785 2791 laetaris:
802 2733 902 2792 eadem
915 2749 988 2810 quae
1006 2733 1102 2792 omnia
1115 2732 1165 2793 illa
1177 2734 1242 2791 circa
1276 2740 1279 2755 '

248 2818 276 2867 te.
291 2808 358 2867 nibil
374 2812 403 2869 in
419 2812 483 2889 ipso
495 2820 524 2871 te
539 2812 650 2873 lortuna
662 2817 786 2874 mutavit.
809 2815 940 2876 Liberum
951 2824 996 2875 est
1006 2816 1189 2892 ingrediente
1199 2812 1272 2895 pert]
1287 2857 1290 2883 ε

249 2891 393 2969 prrldlemn
405 2895 536 2973 principe
549 2898 724 2975 subsistere,
736 2915 908 2976 occurrere,
922 2900 1065 2974 comitari,
1079 2901 1241 2978 praeterire:
1275 2889 1290 2971 ,‘

246 2976 372 3037 ιιιιιΙιιιΙιι
388 2978 460 3037 inter
476 2996 545 3055 ιιιιι,
561 2998 617 3041 non
633 2984 712 3058 «quasi
730 2985 891 3060 contingam
907 2992 936 3042 et
951 2984 1064 3062 copiam
1079 2986 1137 3061 tui,
1153 3002 1208 3045 non
1218 2988 1242 3040 ut

247 3062 375 3139 irtputes.
403 3062 482 3123 iureis.
517 3062 621 3124 llueret
639 3064 718 3124 lateri
732 3074 781 3125 tuo
798 3067 926 3144 quisquis
941 3068 1083 3143 accessit,
1110 3069 1244 3145 linemquc

246 3150 369 3205 serntoni
388 3164 456 3207 snm
473 3150 576 3227 cuique
593 3148 701 3227 pudor,
716 3167 772 3208 non
787 3159 834 3209 tun
850 3149 986 3227 superbia
1002 3150 1081 3211 iacit.
1115 3150 1246 3229 Reginus

245 3230 358 3305 qrddem
372 3248 388 3289 ιι
400 3240 429 3291 te
442 3240 471 3291 et
482 3233 604 3293 subiecti
617 3232 683 3309 tibi,
698 3231 750 3292 sed
768 3232 1003 3311 quemadmodum
1014 3232 1129 3311 legibus
1145 3252 1244 3295 sumus.
1287 3284 1290 3311 ,

245 3310 314 3372 Num
329 3323 358 3373 et
373 3312 439 3375 illue
455 3316 624 3393 cupiditates
640 3325 751 3377 nostras
767 3315 958 3395 libidinesque
973 3315 1175 3394 moderantur,
1202 3334 1246 3377 no·
1286 3316 1290 3336 ¹

245 3392 353 3455 bissum
364 3406 457 3457 tttnren
470 3408 500 3459 et
513 3401 587 3459 inter
597 3416 649 3459 nos
664 3409 821 3460 versantur.
843 3399 976 3476 Emines,
994 3401 1137 3479 excellis,
1156 3412 1187 3462 ut
1202 3402 1247 3462 bo·

242 3492 312 3555 nor,
328 3490 358 3541 ut
370 3494 519 3559 potestas,
543 3504 616 3561 quae
631 3505 720 3566 snper
733 3483 864 3544 homines
878 3484 1010 3564 quidem,
1025 3483 1172 3545 bominum
1187 3493 1246 3547 sunt
1270 3530 1273 3535 .

71 3636 220 3808 'N
