2588 4116
342 223 607 284 EPISTULARUM
621 224 712 284 Vllll.
727 234 771 287 30.
784 235 827 289 31.
841 235 884 288 32.
896 235 940 289 33.
1086 227 1145 289 193

584 375 700 436 xxxii.

422 477 449 527 o.
467 475 591 527 rutulus
606 477 735 528 rrrrnuo
754 477 814 528 suo
832 477 858 527 a.

201 578 278 653 Quid
292 576 376 657 agis?
393 579 460 658 quid
475 589 589 642 acturus
604 579 658 642 es?
678 582 747 660 lpse
763 583 848 642 vitam
862 583 1101 660 iucundissimam,
1118 584 1147 642 id

136 673 182 726 est
197 664 414 740 otiosissimam,
429 665 506 723 vivo.
530 663 594 737 Quo
610 666 640 725 iit
654 675 684 726 ut
698 666 828 726 scribere
844 665 992 744 longiores
1009 666 1147 745 epistulas

109 747 239 825 5nolim,
260 746 348 807 velim
369 745 487 825 legere,
510 746 580 807 illud
601 758 740 829 tamquam
758 749 912 827 delicatus,
935 749 992 810 lroc
1008 759 1148 828 tamquam

111 880 115 887 .
136 834 271 975 otiosrppgl
284 829 361 891 Nihil
376 840 420 892 est
436 833 510 891 enim
526 843 573 894 aut
588 835 697 911 pigrius
713 832 843 894 delicatis
859 844 906 894 aut
922 835 1061 894 curiosius
1076 836 1148 894 otio·

136 934 185 978 srs.
274 933 299 974 e.

578 1015 709 1077 xxxur.
728 1104 731 1109 Ι
741 976 771 1093 )

420 1113 448 1166 G.
467 1114 592 1166 PLINIUS
612 1116 742 1167 GANIMO
761 1116 821 1167 SUO
839 1116 865 1168 S.

93 1223 128 1274 10
202 1214 291 1274 Incidi
306 1215 334 1273 in
350 1216 493 1275 materiam
507 1234 615 1293 veram,
631 1219 684 1278 sed
700 1217 868 1279 simillimam
884 1219 968 1277 lictae
981 1217 1172 1295 dignamque1

137 1301 195 1359 isto
210 1298 385 1375 laetissimo,
398 1296 552 1376 altissimo,
569 1299 711 1379 planeque
725 1302 844 1380 poetico
858 1302 985 1376 ingenio,
1002 1301 1088 1359 incidi
1101 1318 1149 1360 au-

137 1393 214 1456 tem,
238 1380 303 1440 dum
323 1399 412 1460 super
433 1399 532 1442 cenam
553 1384 630 1443 varia
649 1383 871 1444 miracula··hinc
892 1382 957 1442 inde
977 1383 1150 1442 referuntur.

138 1465 242 1542 llagna
257 1468 366 1526 auctori
387 1465 475 1526 fides:
496 1468 608 1527 tametsi
625 1468 692 1546 quid
710 1475 816 1547 poe‘tae
833 1485 896 1527 cum
912 1463 991 1526 lide?
1013 1465 1041 1526 ls
1057 1476 1151 1525 tannen

140 1559 240 1610 auctor
261 1551 308 1609 cui
328 1549 404 1610 bene
425 1549 473 1610 vel
491 1551 636 1611 historiam
656 1554 814 1631 scripturus
832 1550 1014 1627 credidisses.
1049 1549 1102 1609 Est
1121 1550 1175 1617 ins

98 1647 131 1698 15
141 1634 238 1695 dirica
253 1632 446 1715 Hipponensis
463 1635 591 1713 colonia,
611 1638 679 1696 mari
700 1638 842 1716 proxima:
862 1635 973 1696 adiacet
988 1632 1151 1712 navigabile

141 1729 284 1797 stagnum:
301 1739 338 1780 en
352 1719 409 1780 hoc
424 1720 452 1779 in
466 1720 580 1780 modum
596 1719 716 1781 dumiuis
732 1718 903 1782 aestuarium
919 1720 1057 1803 emergit,
1074 1717 1151 1796 quod

141 1805 205 1862 viee
220 1803 338 1881 alterna,
355 1812 441 1883 prout
454 1814 552 1866 aestus
567 1815 614 1865 aut
626 1800 767 1884 repressit
781 1814 828 1865 aut
843 1802 956 1884 inpulit,
974 1821 1048 1862 nunc
1064 1801 1150 1862 inier-

141 1896 187 1948 tur
201 1890 269 1947 mari
283 1905 358 1947 nunc
373 1888 500 1948 redditur
513 1898 627 1966 stagno.
650 1890 747 1949 Omnis
760 1889 808 1950 hic
823 1897 902 1949 aetas
917 1887 1057 1967 piscandi,
1074 1884 1177 1956 navi-3

141 1970 225 2050 gandi
234 2017 243 2049 ,
259 1981 345 2049 atque
359 1973 443 2031 etiam
454 1972 566 2032 natandi
581 1972 675 2032 studio
687 1982 810 2046 tenetur,
827 1974 947 2031 maxime
962 1973 1061 2049 pueri,
1078 1987 1151 2047 quos

98 2053 389 2132 uootiumlususque
410 2054 552 2115 sollicitat.
587 2054 637 2113 llis
660 2054 752 2132 gloria
774 2064 803 2114 et
822 2056 913 2114 virtus
928 2052 1064 2113 altissime
1086 2070 1151 2130 pro·

141 2139 224 2198 vehi:
246 2139 340 2196 victor
356 2136 406 2195 ille
423 2140 470 2215 qui
484 2137 652 2215 longissime
668 2148 700 2225 qt
713 2138 779 2197 litus
795 2139 833 2196 ita
847 2136 929 2196 simul
944 2145 1071 2197 natantes
1085 2135 1152 2195 reli·

142 2223 212 2301 quit.
235 2219 298 2279 lioc
314 2222 467 2280 certamine
483 2238 556 2299 puer
570 2220 682 2300 quidam
696 2220 844 2280 audentior
856 2222 962 2280 ceteris
977 2222 1006 2278 in
1018 2219 1179 2290 ulteriores

142 2305 286 2366 tendehat.
320 2302 481 2383 Delphinus
503 2306 645 2382 occurrit,
673 2314 703 2365 et
724 2322 799 2364 nunc
820 2303 999 2383 praecedere
1021 2320 1151 2381 puerum,

142 2408 218 2451 nunc
233 2390 332 2470 sequi,
351 2408 426 2450 nunc
444 2391 612 2475 circumire,
628 2398 777 2469 postremo
797 2389 912 2466 subire,
925 2386 1084 2466 deponere,
1100 2388 1153 2446 ite·

100 2487 204 2538 torum
221 2475 336 2552 subire,
357 2474 604 2554 trepidantemque
623 2474 756 2554 perferre
772 2474 893 2552 primurn
912 2473 942 2532 in
957 2470 1060 2549 altum,
1085 2487 1153 2530 mox

143 2560 234 2620 flectit
247 2558 282 2618 ad
297 2559 364 2618 litus
375 2559 526 2639 redditque
542 2569 635 2620 terrae
650 2568 679 2620 et
694 2556 871 2639 aequalibus.
893 2556 991 2635 Serpit
1005 2574 1059 2635 per
1071 2553 1177 2626 colo-5

143 2647 216 2704 niam
230 2643 318 2701 fama:
341 2660 515 2705 concurrere
530 2661 645 2719 omnes,
667 2644 761 2722 ipsum
782 2661 901 2722 puerum
915 2651 1056 2721 tamquam
1071 2642 1151 2700 mira·
1202 2703 1206 2711 ,

145 2726 240 2788 culum
255 2728 400 2805 aspicere,
415 2729 610 2804 interrogare,
626 2727 734 2806 audire,
751 2746 873 2789 narrare.
903 2726 1023 2788 Postero
1041 2725 1087 2785 die
1103 2726 1153 2785 ob·

145 2811 238 2873 sident
253 2809 337 2887 litus,
359 2820 547 2889 prospectant
560 2829 637 2872 mare
653 2820 682 2872 et
698 2813 722 2875 si
738 2812 805 2892 quid
822 2822 868 2873 est
883 2813 951 2872 mari
966 2808 1066 2872 simile.
1098 2808 1153 2869 Na·

98 2914 135 2967 30
145 2906 204 2959 tant
223 2896 322 2974 pueri:
343 2894 416 2954 inter
435 2895 489 2955 hos
511 2895 577 2971 ille,
605 2894 658 2956 sed
679 2899 798 2958 cautius.
829 2896 991 2977 Delphinus
1005 2913 1102 2955 rursus
1119 2893 1154 2953 ad

143 2993 276 3060 tempus,
298 2998 397 3041 rursus
413 2979 448 3040 ad
463 2997 583 3060 puerum
593 2981 681 3041 venit.
702 2981 788 3060 Fugit
803 2981 852 3042 ille
868 3000 932 3042 cum
949 2981 1064 3042 ceteris.
1084 2977 1153 3038 Del·

143 3066 257 3145 phinus,
274 3066 354 3144 quasi
368 3064 469 3127 invitet
484 3074 513 3126 et
528 3074 664 3143 revocet,
680 3065 776 3144 exilit,
792 3068 931 3144 mergitur
944 3066 1096 3142 variosque
1109 3081 1153 3123 or·

143 3151 198 3210 bes
214 3150 353 3230 inplicitat
369 3149 552 3229 expeditque.
576 3149 639 3211 Hoc
653 3151 743 3212 altero
760 3151 822 3228 die,
838 3151 895 3211 hoc
907 3152 1003 3224 tertio,
1021 3147 1078 3208 hoc
1091 3147 1180 3226 plu-6

144 3235 240 3312 ribus,
269 3234 363 3295 donec
384 3233 513 3295 homines
534 3237 681 3297 innutritos
700 3238 768 3295 mari
789 3235 898 3295 subiret
918 3231 1032 3292 timendi
1052 3231 1153 3310 pudor.

98 3318 296 3383 asdccedunt
311 3328 340 3378 et
358 3318 493 3380 adludunt
508 3329 536 3380 et
552 3318 712 3401 appellant,
734 3327 852 3397 tangunt
869 3318 952 3378 etiam
967 3323 1154 3394 pertrectant-

147 3421 203 3482 que
223 3405 419 3483 praebentem.
446 3403 559 3465 Crescit
579 3405 694 3465 audacia
711 3405 916 3482 experimento.
946 3398 1067 3460 Maxime
1082 3418 1155 3478 puer

146 3488 195 3565 qui
205 3491 312 3566 primus
323 3500 460 3569 expertus
471 3499 516 3552 est
531 3488 684 3550 adnatantis
699 3487 787 3547 insilit
802 3497 896 3565 tergo,
913 3485 1003 3632 ῐθιιῐιέι
1016 3483 1154 3545 refertur-

188 3577 261 3630 l'rrur
277 3577 327 3632 Er.
