2588 4116
146 231 186 294 58
573 229 607 290 G.
629 227 727 289 PLlNl

120 392 242 452 ateneat
264 381 386 442 modum.
419 381 508 442 Erunt
525 381 618 442 cilicia
634 381 815 456 antelucana,
837 382 865 439 in
880 399 951 458 quae
967 379 1093 440 incidere
1110 383 1151 440 in·

147 484 222 545 pune
237 485 273 525 ne
289 465 389 526 Catoni
405 468 518 545 quidem
531 465 620 542 licuit,
638 482 722 544 quem
733 475 825 525 tamen
839 463 870 523 G.
884 462 991 524 Caesar
1002 468 1040 524 ita
1052 483 1151 542 repre·

119 548 243 618 abendit
258 559 289 609 ut
303 549 406 610 laudet.
429 551 574 611 Describit
589 552 663 608 eninr
679 567 729 608 eos
745 549 846 630 quibus
864 548 964 609 obvius
980 548 1071 607 luerat
1087 567 1150 607 cum

147 643 232 712 caput
247 635 317 693 ebrii
332 637 522 710 retexissent,
546 634 709 692 erubuisse:
732 630 834 691 deinde
849 633 934 691 adicit
950 639 1077 710 ‘putares
1093 652 1149 693 non

146 719 181 778 ab
203 718 258 777 illis
280 716 432 794 Catonern,
454 718 506 776 sed
526 716 590 777 illos
611 715 750 776 aCatone
766 715 986 792 deprehensos.⁹
1019 715 1174 796 Potuitne5

147 801 211 879 plus
226 803 399 862 auctoritatis
414 802 498 861 tribui
519 799 619 860 Catoni
641 818 723 879 quant
745 801 769 859 si
786 800 881 859 ebrius
899 819 1012 879 quoque
1027 809 1083 859 tam
1097 820 1146 861 ve·

118 884 278 945 4nerabilis
295 882 376 943 erat'l
398 884 519 944 Nostrae
544 893 635 944 tamen
657 902 746 943 cenae
767 892 797 941 ut
812 894 961 962 apparatus
978 894 1007 944 et
1023 884 1147 962 inpendii

145 971 188 1028 sic
204 969 340 1047 temporis
362 969 462 1029 modus
483 978 605 1028 constet.
638 967 739 1047 Neque
755 969 829 1026 enim
844 970 862 1026 ii
877 986 972 1027 sumus
988 986 1060 1046 quos
1076 971 1146 1028 vitu·

144 1070 246 1131 perure
260 1071 297 1111 ne
313 1054 416 1112 inimici
433 1054 547 1131 quidem
567 1054 678 1153 possint
697 1053 750 1110 nisi
765 1060 795 1110 ut
811 1052 893 1110 simul
909 1051 1031 1112 laudent.
1064 1052 1145 1112 Vale.

610 1184 687 1246 xrn.
1156 1158 1186 1209 1⁰

342 1287 370 1339 G.
389 1287 513 1338 PLINIUS
530 1287 671 1337 VOCONIO
689 1285 823 1336 contnuo
842 1285 901 1336 SUO
919 1285 944 1337 S.

120 1401 134 1449 1
207 1389 320 1449 Librum
342 1406 399 1468 quo
419 1407 510 1468 nuper
525 1390 630 1467 optimo
645 1391 766 1466 principi
785 1387 885 1447 consul
899 1388 1002 1465 gratias
1023 1389 1069 1462 egi
1084 1389 1146 1445 misi

116 1475 270 1550 2exigenti
284 1473 351 1549 tibi,
367 1475 521 1547 missurus,
539 1474 592 1530 etsi
607 1489 663 1530 non
679 1475 839 1548 exegisses.
863 1471 894 1530 ln
909 1471 964 1530 boc
980 1471 1145 1530 consideres

143 1556 229 1616 velim
243 1567 274 1615 ut
289 1553 525 1634 pulchritudinem
546 1557 680 1614 materiae
702 1557 740 1614 ita
756 1554 957 1625 difficultatem.
993 1553 1024 1613 ln
1040 1557 1144 1614 ceteris
1154 1569 1186 1620 15

144 1642 218 1699 enim
237 1639 376 1698 lectorem
397 1641 507 1697 novitas
530 1640 592 1715 ipsa
612 1640 750 1697 intentum
769 1638 871 1714 habet,
894 1642 922 1697 ln
937 1639 990 1698 hac
1004 1648 1069 1697 nota
1085 1638 1144 1696 vul·

142 1732 208 1799 gata
223 1722 298 1781 dicta
314 1731 378 1781 sunt
393 1723 499 1789 omnia;
523 1738 579 1799 quo
598 1722 628 1780 tit
642 1730 673 1780 ut
691 1723 771 1798 quasi
786 1725 895 1783 otiosus
911 1740 1087 1798 securusque
1103 1722 1145 1781 le·

144 1814 206 1864 ctor
223 1814 328 1864 tantum
344 1803 497 1865 elocutioni
512 1813 613 1881 vacet,
636 1807 733 1882 inqua
750 1805 916 1865 satisfacere
932 1805 1072 1864 difficilius
1089 1815 1143 1881 est,

115 1877 206 1948 3‘cum
222 1888 283 1949 sola
297 1890 468 1949 aestimatur.
495 1888 590 1967 Atque
605 1890 709 1947 utinam
725 1888 794 1948 ordo
811 1890 912 1950 saltem
927 1899 956 1947 et
970 1891 1100 1948 transitus
1116 1897 1145 1947 et

141 1973 247 2050 figurae
264 1972 344 2032 simul
359 1972 569 2051 spectarentur!
590 1971 661 2032 Nam
675 1975 801 2032 invenire
816 1973 980 2052 praeclare,
999 1975 1142 2032 enuntiare
1152 1992 1186 2044 20

141 2057 290 2133 magnilica
306 2057 444 2117 interdum
460 2061 543 2118 etiam
558 2058 668 2117 barbari
684 2056 794 2134 solent,
811 2058 963 2134 disponere
979 2066 1057 2133 apte,
1074 2059 1143 2133 figu-

114 2147 204 2200 4rare
220 2143 297 2200 varie
311 2143 364 2200 nisi
381 2141 497 2202 eruditis
513 2152 646 2219 negatum
662 2151 714 2202 est.
738 2141 800 2202 Nec
816 2157 884 2200 vero
902 2140 1069 2200 adfectanda
1080 2150 1144 2198 sunt

142 2242 257 2303 semper
272 2225 345 2285 eluta
361 2237 392 2286 et
407 2226 533 2286 excelsa.
555 2225 625 2285 Nam
640 2237 669 2285 ut
685 2229 713 2284 in
728 2229 835 2304 pictura
851 2224 944 2281 lumen
958 2241 1014 2281 non
1028 2224 1080 2283 alla
1096 2241 1143 2282 res

140 2311 228 2385 magis
244 2327 326 2388 quam
341 2310 438 2369 umbra
455 2310 647 2383 commendat,
669 2311 706 2366 ita
728 2309 882 2365 orationem
898 2316 953 2362 tam
969 2311 1142 2365 summittere

114 2400 222 2470 5quam
236 2391 367 2450 attollere
384 2392 476 2450 decet.
501 2390 559 2448 Sed
574 2388 639 2466 quid
651 2405 706 2464 ego
718 2389 789 2445 baec
802 2387 965 2446 doctissimo
978 2385 1060 2444 viro?
1076 2393 1142 2464 quin
1152 2406 1185 2457 25

140 2475 234 2548 potius
256 2472 344 2545 illud,
365 2472 467 2530 adnota
482 2482 554 2549 quae
569 2471 710 2547 putaveris
728 2466 905 2544 corrigenda.
939 2466 980 2527 lta
994 2470 1068 2526 enim
1084 2488 1141 2528 rna·

138 2556 183 2629 gis
199 2552 312 2610 credam
329 2561 425 2611 cetera
440 2553 490 2612 tibi
505 2551 630 2629 placere,
647 2553 671 2609 si
688 2550 824 2628 quaedam
839 2549 1020 2628 displicuisse
1033 2568 1141 2629 cogno·

136 2650 217 2694 vero.
248 2633 327 2692 Vale.

590 2767 682 2828 Xllll.

426 2865 455 2916 G.
474 2866 599 2918 PLINIUS
617 2867 725 2920 ACILIO
745 2869 804 2923 SUO
820 2868 845 2919 S.

112 2978 127 3029 1
198 2967 270 3026 Rern
285 2977 410 3028 atrocem
425 2989 480 3030 nec
495 2981 600 3031 tantum
618 2971 740 3049 epistula
754 2971 865 3049 dignam
880 2971 995 3049 Largius
1007 2971 1139 3048 Macedo,

137 3054 180 3111 vir
200 3055 377 3132 praetorius,
398 3058 519 3115 aservis
536 3058 593 3115 suis
610 3074 712 3134 passus
729 3066 791 3132 est,
809 3055 949 3133 superbus
971 3056 1075 3134 alioqui
1091 3056 1140 3115 do-

137 3139 226 3196 minus
243 3146 272 3196 et
286 3155 390 3198 saevus
407 3148 436 3197 et
451 3142 499 3217 qui
514 3142 641 3200 servisse
656 3150 765 3219 patrem
780 3158 861 3198 suurn
876 3157 984 3218 parum,
1000 3142 1083 3199 immo
1099 3143 1139 3198 nl·

110 3223 221 3280 amium
242 3224 425 3282 meminisset.
459 3223 613 3283 Lavabatur
632 3223 741 3283 invilla
759 3223 919 3284 Formiana:
940 3234 1059 3302 repente
1075 3231 1181 3284 eun135

138 3306 213 3363 servi
238 3307 459 3366 circumsistunt:
487 3309 557 3367 alius
578 3307 676 3367 lauces
698 3307 818 3382 invadit,
847 3307 918 3366 alius
939 3325 972 3365 os
993 3308 1136 3382 verberat,

137 3387 208 3445 alius
223 3399 326 3464 pectus
343 3399 372 3449 et
386 3401 516 3451 ventrem
530 3401 615 3469 utque
638 3394 738 3466 etiam,
762 3390 878 3450 foedum
898 3391 991 3467 dictu,
1014 3390 1139 3451 verenda

136 3468 296 3538 contundit;
320 3482 426 3532 etcum
442 3477 597 3534 exanimem
610 3485 757 3554 putarent,
780 3475 903 3534 abiciunt
912 3472 944 3532 in
959 3474 1073 3534 fervens
1089 3493 1138 3554 pa·

1149 2817 1184 2870 30
