2588 4116
201 188 244 250 40
626 183 659 244 G.
681 183 776 244 PblNl

203 340 243 400 dit
255 347 302 399 aut
319 337 432 398 retinet.
454 337 615 397 Procoeton
632 335 697 396 inde
718 344 746 395 et
768 334 927 395 cubiculum
943 334 1097 413 porrigitur
1113 336 1142 395 in
1156 353 1203 396 so·

203 424 277 500 lem,
309 439 394 501 quern
417 424 555 481 orientem
578 421 670 481 statim
690 428 843 498 exceptum
864 418 936 479 ultra
959 417 1107 478 meridiem
1131 418 1203 479 obli-

160 516 268 568 tscum
290 504 403 585 quidem
427 504 479 564 sed
505 513 597 564 tamen
624 512 729 563 servat.
765 502 797 561 ln
817 502 890 563 banc
916 519 973 578 ego
997 501 1117 561 diaetam
1139 521 1203 562 cum

203 608 248 649 me
262 589 373 667 recepi,
390 589 493 647 abesse
508 588 573 646 mihi
590 589 674 648 etiam
688 605 704 646 a
719 586 787 645 villa
801 603 864 646 mea
877 585 995 662 videor,
1016 603 1203 664 magnamque

204 674 265 734 eius
284 672 460 750 voluptatem
480 671 635 749 praecipue
658 669 852 731 Saturnalibus
880 671 981 748 capio,
1008 687 1071 729 cum
1091 669 1227 747 reliquas>

203 774 269 835 pars
285 757 353 817 tecti
369 755 484 815 licentia
498 754 605 814 diemm
620 754 759 832 festisque
777 754 948 814 clamoribus
964 762 1114 831 personat:
1140 770 1201 812 nam

160 850 194 902 25
204 858 258 900 nec
273 842 336 918 ipse
350 856 476 898 meorum
488 838 596 898 lusibus
607 857 662 897 nec
676 837 717 897 illi
729 836 828 897 studiis
840 839 911 897 meis
924 837 1102 916 obstrepunt.
1124 835 1202 895 llaec

204 922 325 999 utilitas,
347 921 419 981 haec
435 924 590 983 amoenitas
606 921 734 982 delinitur
748 938 820 999 aqua
835 920 964 997 salienti,
982 918 1034 979 sed
1048 928 1152 997 puteos
1169 937 1202 979 ac

202 1007 296 1084 potius
320 1005 414 1065 fontes
435 1005 535 1065 habet:
561 1016 626 1065 sunt
646 1006 719 1064 enim
736 1004 763 1064 in
779 1021 897 1063 summo.
929 1003 967 1063 Et
983 1005 1095 1063 omnino
1110 1003 1202 1063 litoris

203 1088 277 1147 illius
289 1089 358 1147 mira
372 1097 483 1149 natura:
496 1106 676 1167 quocumque
691 1089 758 1148 loco
773 1088 897 1147 moveris
913 1088 1038 1163 humum,
1057 1087 1157 1146 obvius
1173 1094 1202 1145 et
1212 1097 1246 1149 10

203 1181 315 1250 paratus
332 1189 412 1231 umor
429 1175 573 1249 occurrit,
599 1174 681 1250 isque
704 1174 832 1232 sincerus
852 1189 886 1231 ac
907 1190 943 1231 ne
964 1171 1068 1231 leviter
1089 1170 1203 1249 quidem

160 1260 277 1316 tutante
291 1257 374 1315 maris
390 1256 534 1337 vicinitate
550 1266 710 1335 corruptus.
740 1256 904 1333 Suggerunt
918 1254 1031 1314 adfatim
1046 1252 1124 1331 ligna
1136 1271 1203 1331 pro·

202 1341 294 1398 ,rimae
311 1340 416 1399 silvae:
434 1350 545 1401 ceteras
558 1341 656 1418 copias
672 1339 813 1400 Ostiensis
826 1338 938 1399 colonia
949 1338 1094 1398 ministrat.
1116 1336 1202 1414 Frugi

203 1423 317 1501 quidem
333 1423 437 1483 homini
452 1424 558 1484 suflicit
573 1425 656 1484 etiam
670 1424 751 1483 vicus
766 1441 851 1501 quern
865 1440 919 1483 una
932 1420 1000 1481 villa
1011 1420 1159 1480 discernit:
1176 1423 1202 1478 ln

203 1507 259 1566 hoc
272 1507 373 1567 balnea
385 1508 528 1565 meritoria
541 1509 604 1583 tria,
620 1524 719 1583 magna
731 1506 925 1582 commoditas,
941 1504 965 1563 si
980 1504 1054 1564 iorte
1071 1504 1245 1564 balneum15

204 1589 279 1649 dorni
294 1589 341 1647 vel
358 1589 468 1648 subitus
490 1588 627 1648 adventus
642 1590 690 1649 vel
710 1589 826 1648 brevior
841 1606 920 1649 mora
936 1588 1078 1649 calfacere
1094 1587 1201 1646 dissua-

161 1683 194 1737 27
204 1672 278 1731 deat.
309 1670 388 1729 Litus
404 1681 502 1731 omant
516 1673 651 1732 varietate
666 1671 824 1750 gratissima
839 1692 913 1733 nunc
929 1673 1060 1732 continua
1075 1689 1148 1730 nunc
1162 1672 1202 1729 in·

204 1756 333 1814 termissa
354 1763 430 1813 tecta
449 1755 594 1832 villarum,
618 1775 690 1833 quae
711 1766 856 1833 praestant
877 1755 1025 1817 multarum
1038 1756 1147 1815 urbium
1164 1755 1202 1815 ia·

204 1839 294 1913 ciem,
321 1838 382 1895 sive
401 1839 469 1898 mari
490 1839 552 1898 sive
574 1840 639 1916 ipso
659 1840 743 1900 litore
759 1850 852 1909 utare;
879 1838 955 1919 quod
975 1857 1032 1900 non
1054 1856 1201 1916 numquam

202 1918 288 1996 longa
299 1919 484 1999 tranquillitas
495 1922 596 2001 mollit,
611 1925 724 2002 saepius
737 1923 873 2002 frequens
886 1934 916 1984 et
931 1924 1086 1984 contrarius
1100 1924 1201 1983 fluctus
1211 1927 1247 1979 20

160 2002 320 2065 tbindurat.
354 2003 432 2065 lilare
447 2023 503 2066 non
517 2024 586 2068 sane
601 2007 735 2085 pretiosis
749 2009 877 2085 piscibus
892 2008 1030 2086 abundat,
1052 2007 1148 2067 scieas
1164 2016 1203 2066 ta-

203 2104 267 2146 men
285 2096 314 2147 et
328 2087 446 2167 squillas
462 2091 582 2169 optimas
594 2094 696 2170 egerit.
727 2091 802 2154 Villa
818 2109 888 2153 vero
903 2101 999 2152 nostra
1017 2091 1102 2151 etiam
1116 2090 1202 2150 medi·

203 2180 349 2232 terraneas
367 2174 465 2252 copias
480 2185 623 2254 praestat,
645 2176 690 2237 lac
706 2176 860 2254 inprimis:
887 2194 950 2234 nam
969 2175 1039 2234 illuc
1054 2194 1071 2233 e
1088 2175 1203 2251 pascuis

161 2266 311 2333 29pccora
327 2259 508 2337 conveniunt,
526 2260 550 2318 si
565 2260 676 2338 quando
691 2278 790 2338 aquam
804 2259 965 2318 umbramve
981 2266 1134 2316 sectantur.
1157 2257 1202 2316 lu·

204 2340 294 2399 stisne
310 2340 346 2400 de
362 2343 455 2402 causis
470 2344 525 2403 iam
540 2344 590 2403 tibi
606 2342 706 2402 videor
720 2340 864 2415 incolere,
886 2338 1057 2413 inhabitare,
1080 2337 1201 2413 diligere
1211 2343 1246 2394 25

204 2439 369 2499 secessum,
391 2442 475 2502 quem
490 2435 518 2483 tu
536 2426 617 2483 nimis
632 2424 752 2482 urbanus
769 2441 801 2481 es
816 2421 869 2480 nisi
886 2416 1090 2496 concupiscis?
1107 2419 1203 2497 Atque

203 2506 308 2563 utinam
329 2505 531 2580 concupiscas!
557 2516 588 2564 ut
608 2516 650 2564 tot
671 2504 810 2580 tantisque
826 2501 938 2562 dotibus
955 2501 1072 2563 villulae
1088 2512 1203 2564 nostrae

203 2587 320 2644 maxima
335 2584 542 2645 commendatio
559 2605 596 2646 ex
612 2597 661 2645 tuo
678 2586 863 2646 contubernio
878 2585 1007 2646 accedat.
1036 2585 1118 2647 Vale.

652 2717 755 2779 xvur.
1212 2755 1247 2809 3,

475 2814 502 2867 G.
526 2815 649 2865 PLINIUS
667 2817 810 2869 ltauutco
831 2817 891 2869 SUO
910 2817 936 2872 S.

179 2932 194 2983 1
265 2913 338 2985 Quid
353 2924 408 2974 ate
420 2914 485 2974 mibi
500 2916 647 2976 iucundius
660 2919 751 2995 potuit
764 2919 881 2997 iniungi,
898 2937 980 2999 quam
991 2929 1021 2979 ut
1032 2929 1203 3000 praecepto·

202 3013 262 3056 rem
278 2996 371 3057 fratris
388 3000 426 3058 tui
442 2998 540 3058 liberis
558 2999 746 3078 quaererem?
770 3002 840 3063 Nam
855 3004 995 3065 beneficio
1011 3014 1060 3065 tuo
1075 3005 1103 3064 in
1119 3003 1202 3063 scho-

203 3079 258 3141 lam
277 3081 366 3142 redeo
382 3093 411 3144 et
432 3082 507 3142 illam
523 3084 713 3147 dulcissimam
726 3096 848 3148 aetatem
864 3089 944 3165 quasi
959 3105 1088 3149 resumo:
1112 3088 1202 3147 sedeo

201 3163 276 3225 iuter
293 3166 423 3246 iuvenes,
440 3176 471 3228 ut
484 3167 624 3246 solebam,
638 3180 723 3249 atque
740 3172 824 3232 etiam
838 3174 974 3249 experior
984 3180 1114 3250 quantum
1128 3169 1201 3246 apud
1210 3177 1243 3230 35

177 3246 268 3307 tilios
288 3253 463 3311 auctoritatis
484 3271 520 3313 ex
540 3254 640 3313 studiis
661 3255 788 3315 habeam.
825 3253 895 3315 Nam
910 3258 1038 3333 proxime
1058 3253 1201 3331 frequenti

202 3331 340 3394 auditorio
356 3337 430 3396 inter
445 3355 478 3396 se
494 3353 589 3398 coram
603 3338 697 3398 multis
709 3339 813 3398 ordinis
828 3341 918 3398 nostri
934 3337 1010 3398 clare
1022 3335 1200 3395 iocabantur:

201 3412 312 3495 intravi,
330 3420 540 3488 conticuerunt;
560 3421 635 3498 quod
648 3439 703 3480 non
719 3422 874 3499 referrem,
894 3423 947 3480 nisi
963 3421 998 3480 ad
1013 3418 1126 3479 illorum
1143 3434 1199 3478 ma·

78 3726 177 3814 ἱ
