2588 4116
391 126 653 189 EPISTULARUM
667 128 730 188 Vll.
752 144 776 192 5.
793 141 820 194 6.
1048 129 1109 193 135

103 282 208 342 indicio
228 280 346 358 loquor;
369 284 432 360 qui,
456 284 518 342 sive
538 279 662 341 iudicant
679 283 741 341 sive
759 291 869 360 errant,
892 302 938 344 me
957 282 1108 344 delectant.

103 366 194 425 Unum
210 381 333 506 prpcor,
355 375 384 424 ut
404 368 515 443 posteri
536 383 650 443 quoque
665 373 712 424 aut
728 375 823 426 errent
838 367 964 428 similiter
978 376 1024 425 aut
1039 366 1109 425 iudi·

104 459 178 509 cent.
237 466 290 508 ae.

588 582 622 641 V.

340 680 367 730 C.
387 681 512 731 PLINIUS
532 680 735 730 CALPVRNIAE
752 680 835 731 SUAE
850 680 876 731 S.

75 633 93 682 5

165 783 336 844 Incredibile
350 793 395 843 est
416 794 519 861 quanto
535 782 678 843 desiderio
695 787 734 844 tui
752 795 860 846 tenear.
883 784 914 844 ln
927 804 1011 848 causa
1027 805 1130 855 amorl

102 869 239 948 primum,
271 867 374 926 deinde
401 867 476 946 qnod
500 884 556 925 non
585 870 784 928 consuevimus
803 870 925 940 abesse.
963 871 1032 931 lade
1063 884 1109 934 est

103 951 180 1029 quod
194 968 322 1027 maguam
333 953 457 1010 noctium
469 953 616 1031 partemin
628 953 748 1030 imagine
767 962 815 1012 tua
829 954 897 1030 vigil
919 957 1022 1033 exigo,
1043 955 1108 1016 inde

59 1034 178 1114 roquod
194 1034 314 1093 interdiu
332 1034 434 1112 quibus
449 1036 527 1094 horis
548 1043 576 1093 te
591 1037 686 1094 visere
700 1035 830 1097 solebam
843 1037 878 1096 ad
894 1037 1014 1099 diaetam
1033 1047 1108 1099 tuam

100 1120 158 1198 ipsi
173 1136 227 1194 me,
245 1127 275 1176 ut
289 1120 439 1178 verissime
452 1117 569 1193 dicitur,
588 1118 678 1194 pedes
693 1120 813 1195 ducunt,
834 1121 909 1198 quod
924 1121 1045 1200 denique
1060 1141 1107 1183 ae-

101 1221 155 1280 ger
167 1209 197 1260 et
210 1210 334 1261 maestus
350 1219 384 1261 ac
396 1203 493 1262 similis
507 1200 626 1261 excluso
642 1219 759 1262 avacuo
771 1203 866 1262 limine
880 1205 995 1263 recedo.
1017 1206 1107 1265 Unum

101 1295 214 1363 tempus
225 1286 269 1344 his
289 1287 436 1344 tormentis
454 1294 547 1361 caret,
566 1300 623 1361 quo
637 1286 666 1343 in
680 1285 743 1345 loro
755 1289 908 1346 amicorum
924 1287 1020 1346 litibus
1040 1306 1108 1347 con·

101 1378 188 1429 teror.
219 1368 346 1428 Aestima
361 1378 390 1428 tu
406 1388 479 1447 quae
493 1371 550 1428 vita
561 1382 623 1434 mea
638 1371 690 1446 sit,
714 1370 760 1427 cui
778 1371 894 1447 requies
909 1372 937 1427 in
951 1369 1060 1447 labore,
1077 1374 1131 1434 int

61 1461 94 1512 15
101 1454 213 1512 miseria
230 1454 363 1530 curisque
375 1454 521 1513 solacium.
554 1449 637 1509 Vale.

570 1583 617 1645 vl.

380 1683 408 1732 o.
425 1683 550 1743 naturus
569 1683 716 1734 ornnnrno
735 1682 795 1734 suo
811 1681 837 1731 S.

164 1781 238 1840 Rara
253 1790 282 1840 et
296 1772 427 1840 notabilis
442 1801 490 1840 res
504 1781 617 1843 Vareno
633 1783 762 1860 contigit,
776 1783 813 1842 sit
824 1781 893 1843 licet
905 1782 996 1843 adlruo
1012 1784 1103 1845 dubia.
1115 1797 1130 1847 1

58 1865 215 1939 noBithyni
231 1866 442 1924 accusationem
457 1867 519 1924 eius
540 1875 573 1924 nt
594 1875 703 1935 temere
725 1866 884 1926 inchoatam
900 1869 1029 1927 omisisse
1045 1886 1107 1927 nar·

100 1957 206 2008 rantur.
239 1944 392 2005 Narrantur
414 1944 499 2005 dico?
524 1946 605 2007 adest
618 1949 782 2026 provinciae
801 1947 930 2025 legatus,
952 1950 1043 2010 attulit
1058 1951 1108 2009 de·

103 2041 212 2090 cretum
228 2027 342 2088 concilii
356 2026 391 2086 ad
406 2026 568 2106 Gaesarem,
585 2030 675 2089 attulit
689 2028 724 2088 ad
736 2029 840 2089 multos
855 2033 1000 2109 principes
1016 2035 1104 2109 uiros,

103 2111 195 2173 attulit
207 2113 290 2170 etiam
303 2110 338 2170 ad
353 2128 417 2188 nos,
434 2111 537 2170 Vareni
552 2112 713 2172 advocatos.
736 2111 846 2172 Perstat
860 2121 953 2171 tamen
967 2113 1041 2172 idem
1057 2114 1131 2178 illett

102 2196 237 2272 Magnum
255 2195 321 2273 quin
338 2196 421 2253 etiam
432 2193 595 2273 Nigrinum,
612 2196 749 2271 optimum
760 2196 864 2269 virum,
884 2196 1108 2272 pertinacissime

59 2284 229 2340 25exernet.
249 2277 303 2338 Per
315 2279 390 2337 hunc
405 2296 421 2338 a
437 2278 601 2339 consulibus
613 2277 774 2358 postulabat
789 2287 818 2337 ut
831 2276 959 2338 Varenus
972 2279 1108 2338 exhibere

101 2366 225 2423 rationes
248 2362 409 2439 cogeretur.
441 2362 622 2422 Adsistebam
637 2362 749 2422 Vareno
766 2364 820 2421 iam
834 2369 940 2422 tantum
958 2364 1131 2426 utamicus3

103 2457 131 2505 et
146 2457 244 2506 tacere
261 2446 455 2505 decreveram.
485 2444 561 2505 Nihil
577 2448 651 2505 enim
665 2455 721 2505 tam
736 2448 904 2505 contrarium
920 2464 1001 2523 quam
1017 2449 1042 2504 si
1060 2446 1107 2506 ad·

102 2538 222 2589 vocatus
239 2546 255 2586 a
273 2537 372 2588 senatu
387 2530 467 2589 datus
488 2529 672 2590 defenderem
687 2538 717 2588 ιιι
732 2547 812 2587 reum
828 2531 873 2588 cui
889 2546 962 2607 opus
978 2539 1107 2590 essetne

102 2629 170 2670 reus
185 2610 337 2669 videretur.
361 2609 432 2669 Cum
448 2620 541 2673 tamen
556 2613 631 2674 linita
647 2612 838 2691 postulatione
850 2613 959 2690 Nigrini
972 2613 1132 2676 consulere

61 2710 97 2760 30
105 2695 140 2753 ad
150 2711 197 2751 me
212 2692 312 2753 oeulos
325 2693 503 2771 retulissent,
527 2699 649 2756 ‘scietis'
671 2699 783 2773 inquam
799 2703 943 2757 ‘constare
965 2697 1047 2757 nobis
1070 2700 1107 2756 si·

104 2778 183 2837 lentii
197 2779 285 2836 nostri
300 2778 448 2855 rationem,
463 2796 527 2838 cum
543 2796 629 2839 veros
639 2778 752 2856 legatos
763 2782 927 2858 prouinciae
938 2779 1106 2840 audieritis'

105 2860 211 2921 Contra
232 2860 365 2937 Nigrinus
382 2861 432 2920 ‘ad
447 2880 532 2939 quem
547 2864 625 2923 missi
648 2860 750 2922 suntl'
770 2863 834 2941 Ego
849 2864 896 2922 ‘nd
910 2881 956 2923 me
975 2879 1107 2943 quoque;

22 2980 26 2986 ·
102 2945 198 3004 habeo
218 2944 365 3003 decretum
386 2946 572 3022 provinciae?
594 2945 704 3006 Rursus
720 2945 770 3005 ille
782 2952 891 3026 ‘potest
906 2947 956 3005 tihi
970 2947 1129 3024 liquere't

104 3027 148 3086 Ad
163 3027 219 3086 hoc
234 3046 290 3105 ego
306 3029 343 3086 ‘si
359 3029 409 3087 tibi
425 3046 462 3086 ex
476 3028 589 3087 diverso
607 3029 713 3106 liquet,
731 3039 828 3109 potest
845 3029 956 3088 etmihi
972 3029 1047 3104 quod
1064 3036 1109 3088 est

62 3122 96 3174 35
106 3109 206 3170 melius
224 3110 358 3188 liquere.⁹
387 3110 457 3170 Tum
471 3111 582 3189 legatus
597 3111 757 3187 Polyaenus
773 3131 873 3173 causas
887 3108 1009 3170 abolitae
1023 3121 1131 3174 acon-6

105 3197 220 3254 sationis
243 3196 376 3271 exposuit
397 3194 607 3274 postulavitque
636 3214 672 3254 ne
694 3196 849 3271 cognitioni
876 3191 1006 3253 Caesaris
1027 3211 1108 3272 prae·
1207 3208 1211 3214 ·

105 3277 238 3337 iudicium
253 3279 344 3338 lieret.
364 3278 523 3355 Respondit
536 3277 655 3355 Magnus
671 3281 830 3353 iterumque
844 3275 1014 3349 Polyaenus.
1040 3277 1108 3355 lpse

104 3377 167 3420 raro
183 3370 211 3420 et
229 3362 353 3421 breviter
367 3360 568 3439 interlocutus,
584 3360 701 3419 multum
718 3377 764 3417 me
782 3362 852 3419 intra
867 3359 1006 3419 silentium
1019 3362 1108 3421 tenui.
