2588 4116
404 132 665 197 EPISTULARUM
680 135 730 198 lll.
753 149 779 201 t.
794 151 820 201 t.
1067 142 1109 206 47

106 305 179 368 quae
202 286 277 347 solet
301 286 417 346 decreta
438 304 636 365 praecurrere.
670 289 739 350 Tum
759 307 816 367 ego
837 290 961 353 ‘desino'
983 297 1107 374 inquam,

106 378 214 451 ‘patres
237 371 408 449 conscripti,
428 381 528 449 putare
548 390 593 431 me
608 375 696 433 iustas
712 377 902 434 excusationis
921 396 1019 440 causas
1037 388 1107 439 attu-

104 456 197 515 lisse'.
232 453 340 514 Placuit
355 462 384 514 et
398 454 536 515 modestia
552 459 690 516 sermonis
708 467 737 517 et
754 459 835 518 ratio.
868 456 1000 540 Conpulit
1015 469 1134 523 autem5

104 557 150 598 me
164 537 198 597 ad
213 536 269 597 hoc
284 537 432 599 consilium
446 557 503 598 non
517 539 608 599 solum
624 558 784 602 cousensus
799 553 926 621 senatus,
944 563 1109 624 quamquam

77 623 152 682 5bio
168 623 305 701 maxime,
324 639 423 682 verum
440 632 469 682 et
485 621 531 682 alii
549 624 660 703 quidam
675 626 799 686 minores
816 626 869 686 sed
884 637 976 687 tamen
991 631 1108 688 numeri.

104 706 244 766 Veniebat
263 708 291 764 in
312 716 435 766 mentem
454 709 566 785 priores
585 717 699 768 nostros
722 711 804 769 etiarn
825 709 1001 788 singulorum
1013 711 1108 790 bospi-

104 800 163 851 tum
183 790 296 849 iniurias
312 789 477 851 voluntariis
497 793 725 852 accusationibus
743 803 912 862 exsecutos;
936 813 993 873 quo
1014 794 1108 856 delor-

103 874 176 934 mius
190 874 344 934 arbitrabar
358 872 466 954 publici
483 874 589 952 hospiti
605 876 665 935 iura
678 876 847 954 neglegere.
879 878 1029 938 Praeterea
1046 888 1135 943 cumb

104 956 273 1018 recordarer
295 968 396 1035 quanta
418 975 470 1036 pro
490 957 581 1019 isdem
606 958 729 1020 Baeticis
751 961 900 1038 superiore
921 963 1107 1023 advocatione

60 1043 190 1108 loetiam
204 1039 332 1120 pericula
346 1042 500 1120 subissem,
517 1044 739 1104 conservandum
751 1045 857 1103 veteris
874 1046 961 1106 oflicii
978 1050 1107 1108 meritum

104 1142 180 1185 novo
197 1123 353 1185 ridebatur.
385 1123 439 1185 Est
455 1127 528 1185 enim
543 1128 580 1186 ita
595 1137 785 1205 comparatum
799 1137 829 1187 ut
849 1130 1004 1207 antiquiora
1020 1130 1107 1190 bene-

104 1209 169 1269 dcia
184 1209 345 1286 subvertas,
361 1209 417 1268 nisi
430 1207 478 1268 illa
492 1211 699 1286 posterioribus
716 1209 858 1270 cumules:
877 1229 940 1270 nam
955 1212 1107 1290 quamlibet

103 1310 195 1370 saepe
218 1291 351 1368 obligati,
374 1291 481 1370 siquid
502 1310 586 1350 unum
605 1311 715 1371 neges,
736 1292 792 1352 hoc
812 1292 904 1352 solum
923 1298 1108 1356 meminerunt

105 1375 184 1455 quod
200 1384 333 1453 negatum
354 1384 410 1437 est.
442 1374 576 1436 Ducebar
589 1379 672 1436 etiam
690 1376 766 1454 quod
780 1375 947 1437 decesserat
965 1376 1135 1444 Classicus?

60 1466 285 1537 nanctumque
304 1467 379 1538 erat,
403 1457 480 1538 quod
501 1461 529 1518 in
551 1460 688 1520 eiusmodi
704 1461 796 1520 causis
812 1460 887 1520 solet
902 1479 968 1522 esse
983 1465 1108 1522 tristissi-

104 1562 197 1621 mum,
224 1542 382 1622 periculum
404 1545 554 1604 senatoris.
588 1544 723 1604 Videbam
746 1562 816 1622 ergo
836 1544 1014 1606 advocationi
1027 1566 1108 1606 meae

105 1646 161 1687 non
175 1629 311 1686 minorem
325 1629 443 1705 gratiam
455 1645 538 1707 quam
552 1629 576 1687 si
590 1629 700 1689 viveret
711 1628 760 1689 ille
775 1631 961 1707 propositam,
978 1631 1108 1690 invidiam

105 1710 217 1771 nullam.
240 1709 272 1770 ln
288 1729 405 1789 summa,
422 1712 621 1791 conputabam,
640 1714 664 1771 si
679 1730 794 1772 munere
809 1712 864 1773 boc
879 1716 932 1773 iam
946 1717 1031 1775 tertio
1046 1715 1135 1777 lun-8

105 1813 209 1874 gerer,
232 1795 389 1856 faciliorem
405 1796 472 1855 mibi
495 1798 706 1857 excusationem
728 1797 808 1874 iore,
831 1799 937 1876 siquis
961 1799 1108 1860 incidisset

60 1890 97 1942 20
107 1899 189 1958 quern
204 1897 261 1939 non
276 1878 412 1938 deberem
426 1897 573 1939 accusare.
594 1878 664 1938 Nam
681 1898 744 1938 cum
759 1890 802 1941 est
818 1884 939 1940 omnium
951 1883 1108 1942 olliciomm

104 1964 168 2022 linis
184 1963 302 2040 aliquis,
324 1971 381 2021 tum
402 1964 508 2038 optime
527 1961 650 2022 libertati
665 1964 746 2022 venia
761 1963 900 2042 obsequio
916 1975 1108 2043 praeparatur.

103 2046 217 2106 Audisti
233 2042 344 2103 consilii
356 2044 411 2103 mei
422 2052 527 2121 motus,
544 2054 677 2120 superest
690 2043 822 2104 alterutra
836 2057 963 2124 exparte
978 2048 1135 2108 iudicium9

104 2139 200 2206 tuum,
221 2129 319 2204 inquo
337 2125 403 2185 mibi
417 2143 509 2204 aeque
529 2126 649 2185 iucunda
667 2128 720 2185 erit
737 2125 902 2205 simplicitas
918 2128 1109 2191 dissentientis

105 2232 189 2293 quarn
208 2210 410 2288 conprobantis
424 2210 585 2269 auctoritas.
618 2208 698 2269 Vale.

61 2315 96 2367 20
593 2343 627 2403 v⁸

329 2441 355 2492 C.
373 2441 497 2492 PLlNiUS
513 2443 630 2493 BAEBtO
650 2441 761 2492 discito
780 2441 839 2492 sto
859 2441 886 2497 S.

169 2547 334 2624 Pergratum
350 2556 395 2607 est
409 2546 475 2605 mibi
491 2547 567 2625 quod
582 2556 635 2606 tam
649 2547 801 2625 diligenter
812 2547 900 2607 libros
911 2547 1041 2607 avunculi
1054 2551 1109 2608 mei
1122 2564 1134 2613 1

106 2631 220 2691 lectitas
235 2639 265 2690 ut
278 2629 384 2689 babere
395 2648 494 2690 omnes
505 2631 578 2690 velis
591 2648 767 2709 quaemsque
780 2634 827 2709 qui
839 2634 894 2691 sint
906 2648 1013 2693 omnes.
1037 2631 1134 2695 Fun-2

63 2733 160 2792 30gar
179 2714 279 2773 indicis
296 2713 421 2791 partibus
441 2723 525 2792 atque
547 2717 630 2774 etiam
643 2734 700 2794 quo
715 2717 770 2775 sint
786 2715 883 2776 ordine
898 2717 998 2794 scripti
1014 2725 1109 2775 notum

108 2798 159 2858 tibi
175 2797 290 2857 faciam:
311 2807 356 2856 est
373 2799 447 2857 enim
463 2796 534 2856 haec
548 2817 662 2877 quoque
677 2799 811 2859 studiosis
826 2816 883 2858 non
897 2799 1046 2859 iniucunda
1061 2818 1109 2859 co-

108 2882 206 2959 gnitio.
237 2880 293 2940 ‘lle
312 2879 482 2941 iaculatione
498 2885 626 2960 equestri
641 2888 738 2943 unus':
765 2883 850 2959 bunc,
868 2901 931 2943 cum
946 2882 1137 2961 praelectus3

107 2965 169 3025 alae
183 2963 332 3043 militaret,
349 2967 407 3042 pari
422 2966 536 3042 ingenio
553 2984 676 3044 curaque
699 2969 858 3044 conposuit.
883 2966 939 3027 ‘De
956 2970 1014 3027 vita
1028 2967 1109 3026 Pom·

108 3051 177 3128 poni
198 3048 323 3110 Secundi
346 3048 430 3117 duo’;
451 3066 543 3126 aquo
564 3049 743 3128 singulariter
760 3060 866 3110 amatus
886 3050 943 3109 boc
958 3052 1110 3108 memoriae

63 3134 190 3199 atanici
218 3135 297 3212 quasi
324 3132 448 3193 debitum
474 3150 573 3192 munus
595 3133 728 3194 exsolvit.
763 3133 920 3193 ‘Bellorum
946 3133 1136 3193 Germaniaet

107 3218 239 3296 viginti'3
255 3216 357 3294 quibus
376 3217 467 3276 omnia
484 3234 556 3294 quae
570 3235 632 3276 cum
640 3216 784 3276 Germanis
800 3217 941 3292 gessimus
960 3214 1034 3274 bella
1050 3215 1109 3274 col·

108 3301 190 3380 legit.
222 3299 385 3378 lnchoavjt,
403 3317 465 3359 cunr
481 3301 509 3357 in
525 3299 670 3359 Germania
684 3299 833 3373 militaret,
846 3299 955 3359 somnio
973 3302 1108 3361 monitus:

108 3384 215 3446 adstitit
230 3386 257 3445 ei
271 3385 430 3462 quiescenti
445 3382 529 3442 Drusi
544 3383 666 3443 Neronis
682 3383 805 3459 efligies,
823 3384 869 3460 qni
890 3381 1053 3444 Germaniae
1070 3384 1108 3442 la·
