2588 4116
323 136 589 198 EPISTULARUM
602 136 691 197 Vllll.
713 146 756 199 nt.
772 147 872 201 25.26·
1040 137 1101 200 189

99 292 146 369 qui
165 307 218 368 per
232 288 327 348 funem
339 292 367 348 in
382 306 489 350 summa
504 290 628 349 nituntur
642 298 761 367 quantos
773 288 884 349 soleant
901 291 1028 349 excitare
1044 289 1101 350 ela·

98 391 210 448 mores,
235 390 299 432 curn
316 375 370 433 iam
390 375 501 450 iamque
524 375 616 432 casuri
636 373 774 433 videntur.
809 371 879 432 Sunt
894 375 968 432 eninr
982 375 1128 437 maximos

98 455 236 516 mirabilia
257 474 330 534 quae
347 458 466 516 maxime
491 457 648 534 insperata,
673 459 791 515 maxime
812 455 991 534 periculosa,
1013 466 1102 535 utque

100 539 202 601 Graeci
217 541 307 617 magis
319 540 489 618 exprimunt,
503 533 686 619 παράβολα.
709 539 779 599 ldeo
798 557 974 618 nequaquam
990 557 1040 617 par
1051 557 1102 615 gu·

71 625 257 688 5bernatoris
273 633 318 684 est
332 626 432 702 virtus,
448 641 511 682 oum
523 623 635 702 placido
651 633 681 683 et
697 641 759 682 oum
772 623 884 683 turbato
895 624 963 682 mari
974 623 1101 682 vehitur:

99 717 167 767 tune
183 707 337 768 admirante
355 706 434 767 nullo
456 705 612 768 inlaudatus
630 705 805 783 ingloriosus
823 706 899 766 subit
915 715 1043 785 portum;
1069 705 1104 765 ad

100 809 163 851 cum
175 790 294 851 stridunt
306 792 401 868 funes,
418 800 550 850 curvatur
565 791 667 867 arbor,
680 791 874 868 gubernacula
888 800 1020 867 gemunt,
1035 798 1103 848 tunc

98 873 148 934 ille
168 875 260 937 clarus
279 885 308 935 et
323 875 366 936 dis
382 877 465 935 moris
481 877 633 952 proximus.
657 873 747 951 llaec,
764 875 830 952 quia
844 875 923 934 virm
942 891 974 934 es
988 873 1055 932 milri
1076 874 1129 937 int>

99 960 214 1036 scriptis
231 959 303 1019 meis
318 958 468 1020 adnotasse
483 958 619 1037 quaedam
635 968 665 1019 ut
679 957 783 1018 tumida
801 975 873 1036 quae
890 973 947 1035 ego
962 956 1102 1032 sublimia,

46 1039 91 1100 '10
98 1052 129 1102 ut
144 1043 265 1121 inproba
280 1059 353 1120 quae
375 1060 430 1118 ego
445 1041 592 1118 audentia,
614 1053 644 1102 ut
664 1044 747 1102 nimia
768 1059 840 1119 quae
858 1059 914 1118 ego
930 1039 1015 1119 plena
1030 1039 1104 1098 arbi·

98 1126 201 1186 trahar.
236 1124 388 1184 Plurimum
403 1135 496 1184 autem
516 1126 605 1185 refert
623 1125 858 1204 reprehendenda
875 1124 993 1184 adnotes
1014 1141 1049 1182 au
1063 1125 1103 1181 in·

99 1209 200 1286 signia.
225 1207 322 1268 Omnis
337 1210 410 1267 enim
424 1208 544 1267 advertit
559 1208 635 1284 quod
649 1210 754 1268 eminet
770 1215 799 1267 et
815 1215 905 1275 extat3
921 1206 973 1266 sed
988 1209 1046 1265 aori
1063 1207 1130 1273 ine

99 1293 226 1353 tentione
241 1290 449 1352 diiudicandum
471 1299 515 1349 est
536 1291 706 1350 inmodicum
727 1291 813 1350 sitan
829 1289 953 1366 grande,
970 1287 1054 1347 altum
1071 1306 1105 1347 an

99 1391 226 1436 enorme.
256 1375 358 1454 Adque
375 1384 406 1435 ut
421 1373 574 1443 Homerum
587 1374 765 1454 potissimum
779 1375 921 1450 attingam,
941 1389 1026 1449 quem
1046 1379 1105 1430 tan·

56 1467 91 1522 15
101 1457 166 1519 dem
183 1458 346 1521 alterutram
365 1461 394 1519 in
411 1468 520 1537 partem
534 1467 631 1538 potest
647 1458 749 1537 lugere
768 1448 854 1536 ἀμφὶ
871 1449 907 1515 δὲ
926 1449 1106 1532 σάλπιγξεν

100 1538 202 1623 μέγας
215 1534 375 1624 οὐρανός·
388 1533 462 1642 ἡέμι
475 1533 506 1602 d'
521 1540 616 1622 ἔγχος
629 1533 774 1605 ἐκέκλιτο
794 1551 822 1601 et
836 1549 925 1600 totum
939 1537 1008 1598 illud
1026 1529 1104 1597 οὔτε

100 1619 274 1707 θαλάσσης
292 1626 383 1706 κῦμα
401 1637 503 1687 τοσον
520 1620 628 1709 dodel
653 1625 711 1687 Sed
733 1644 805 1704 opus
823 1633 869 1686 est
884 1624 1012 1684 examine
1028 1631 1057 1680 et
1072 1620 1130 1685 li·7

101 1712 167 1787 bra,
191 1710 304 1791 inquid,
328 1710 506 1772 incredibilia
528 1711 583 1771 sint
604 1711 676 1771 baec
698 1719 727 1771 et
743 1711 833 1769 inania
853 1726 887 1767 an
909 1707 1056 1784 magnilica
1077 1715 1105 1765 et

102 1794 248 1855 caelestia.
280 1793 343 1855 Neo
362 1813 438 1854 nunc
457 1812 513 1872 ego
530 1812 575 1855 me
595 1795 639 1854 his
654 1793 755 1854 similia
775 1803 821 1853 aut
836 1793 942 1852 dixisse
956 1799 1003 1850 aut
1017 1807 1106 1868 posse

56 1881 93 1935 20
102 1877 200 1938 dicere
214 1886 293 1956 puto.
320 1876 385 1937 Non
396 1880 435 1937 ita
451 1880 573 1946 insanio;
594 1878 647 1937 sed
660 1878 717 1937 hoc
730 1876 862 1953 intellegi
877 1874 956 1951 volo,
971 1872 1106 1933 laxandos

102 1979 170 2021 esse
186 1960 367 2039 eloquentiae
383 1960 480 2021 frenos
493 1978 549 2019 nec
566 1961 765 2037 angustissimo
782 1977 854 2036 gyro
869 1959 1046 2033 ingeniorum
1056 1957 1106 2013 im-

102 2053 187 2123 petus
201 2042 411 2120 reiningendos.
439 2042 485 2102 Ad
503 2042 644 2102 animalia
660 2042 784 2102 conditio
799 2050 952 2115 oratorum,
968 2038 1022 2097 alia
1037 2042 1134 2116 poe-8

101 2138 205 2188 tarum·
223 2127 310 2200 Quasi
329 2124 579 2187 vercilloliis
598 2127 689 2186 minus
710 2123 821 2183 audeat.
843 2122 1015 2198 Quamquam
1031 2121 1107 2179 huno

103 2213 216 2271 omitto:
233 2212 415 2290 nequeenim
429 2210 533 2286 ambigi
547 2217 626 2286 puto.
654 2206 712 2267 Sed
729 2205 940 2267 Demosthenes
957 2208 1038 2282 ipse,
1057 2202 1107 2262 ille

58 2303 199 2356 abnorme
217 2297 337 2357 oratoris
356 2293 517 2371 ernegum,
538 2311 604 2352 num
625 2309 658 2352 se
676 2291 793 2351 cohibet
814 2300 842 2350 et
859 2288 1024 2368 conprimit,
1044 2304 1108 2344 cum

102 2379 171 2440 dicit
185 2381 334 2441 notissima
351 2377 400 2438 illa
417 2370 597 2459 dedeceret
615 2370 729 2457 μιαροὶ
746 2369 801 2435 καὶ
813 2367 953 2444 κόλακες
966 2365 1021 2431 καί
1032 2361 1108 2428 dta-

102 2476 228 2540 στορες,
242 2473 271 2523 et
284 2482 382 2525 rursus
399 2454 440 2524 οὐ
460 2461 570 2534 λίθοις
583 2451 726 2539 ἐτείχισα
737 2449 799 2538 τὴν
812 2450 912 2521 πόλιν
924 2446 1005 2516 οὐδὲ
1016 2451 1108 2514 πλίν-

102 2549 181 2616 θοις
193 2535 269 2624 ἐγώ,
278 2555 308 2606 et
319 2549 412 2607 statim
424 2537 487 2608 οὐκ
501 2537 537 2607 ἐκ
549 2538 610 2624 μὲν
621 2534 789 2622 θαλάττης
799 2534 861 2622 τὴν
867 2531 1020 2620 Εὔβοιαν
1031 2554 1109 2618 προ;

105 2623 268 2707 βαλέσθαι
281 2620 415 2708 πρὸτῆς
428 2621 592 2706 messarim
614 2637 644 2688 et
657 2626 724 2690 alibi
741 2617 806 2705 ἐγώ
825 2618 862 2686 δὲ
880 2616 970 2704 οίμαι
982 2614 1060 2702 μὲν,
1082 2617 1108 2680 ὠ

60 2720 96 2774 30
106 2703 228 2792 ἄνδρες
237 2701 424 2792 Ἀθηναῖοι,
436 2704 480 2790 νὴ
491 2704 571 2784 τοὺς
581 2703 686 2785 θεοὺς
698 2702 830 2772 ἐκεῖνον
842 2701 986 2789 μεθύειν
997 2705 1043 2789 τῷ
1054 2724 1107 2784 με·

103 2791 199 2874 γε’θει
216 2793 284 2854 τῶν
302 2790 567 2875 πεπραγμένανλ
588 2794 647 2856 lam
661 2794 729 2873 quid
741 2794 890 2855 audentius
906 2790 957 2852 illo
975 2789 1134 2871 pulcher-9

103 2881 175 2940 rimo
191 2895 315 2940 excessu
331 2873 462 2959 νόσημα
473 2869 559 2957 yolo?
581 2877 655 2952 Quid
670 2879 752 2955 haec,
766 2879 899 2939 breviora
912 2874 1108 2954 superioribus

104 2962 158 3024 sed
169 2962 284 3023 audacia
299 2959 398 3040 paria?
418 2954 492 3023 τότε
510 2952 574 3040 ἐγώ
594 2956 656 3042 μὲν
672 2962 719 3046 τῷ
736 2953 883 3023 Πύθωνι
898 2953 1108 3038 θρασυνομέ-

104 3065 153 3128 νῳ
172 3041 228 3106 καί
244 3045 357 3128 πολλῷ
372 3040 482 3128 ῥέοντι
498 3036 580 3108 καθ’
600 3037 707 3125 ὑμῶν.
730 3042 776 3105 Ex
789 3043 888 3105 eadem
900 3050 967 3101 nota
979 3032 1061 3100 ὅταν
1073 3033 1110 3099 δὲ

54 3141 96 3195 ,35
107 3120 144 3190 ἐκ
163 3126 353 3203 πλεονεξίας
369 3124 424 3189 καί
441 3127 603 3210 πονηρίας
619 3147 670 3201 τις
687 3119 800 3206 ὥσπερ
819 3111 918 3223 οὗτος
934 3114 1070 3223 ίσχύση,
1089 3112 1109 3199 ἡ

105 3207 220 3295 πρώτη
238 3205 406 3294 πρόφασις
425 3208 480 3273 καὶ
496 3206 618 3294 μικρὸν
636 3216 781 3289 πταίσμα
799 3226 907 3270 παντα
925 3204 1110 3284 ανεχαίιισε

105 3294 161 3357 καὶ
173 3293 316 3358 διέλυσε.
339 3295 439 3357 Simile
453 3296 498 3357 bis
515 3286 810 3375 ἀπεσχοινισμένος
824 3280 928 3353 ἅπασι
939 3295 1008 3362 τοῖς
1021 3279 1059 3351 ἐν
1070 3287 1111 3370 τῇ

106 3376 202 3442 πόλει
215 3379 355 3455 δικαίοις
373 3390 402 3442 et
417 3379 522 3440 ibidem
536 3371 579 3440 cd
591 3371 824 3450 adscisceretur
837 3373 932 3436 έλεον
944 3369 1109 3456 προδέδω-

1018 3944 1023 3955 ,
1103 3670 1216 3947 ²³(

1132 4012 1200 4091 ὗ
