2588 4116
446 192 708 254 EPISTULARUM
722 194 799 254 Vlll
823 203 864 256 14
1092 194 1152 255 165

150 352 206 402 tam
221 342 333 405 diversa
349 347 533 405 censentium.
555 345 657 422 Adque
670 345 741 405 adeo
754 346 885 423 permitte
899 345 1003 405 mihi
980 364 1021 406 src
1032 345 1106 444 apud
1123 356 1152 408 ιε
1161 354 1195 408 16

151 436 290 504 tamquam
303 421 357 505 lbi,
375 431 417 488 sic
433 438 549 508 peracta
562 448 594 488 re
609 438 747 506 tamquam
760 427 874 488 adhuc'
865 437 992 506 integra,
1014 430 1151 489 rationem

149 511 246 569 iudicii
260 529 315 570 mer
309 512 469 589 'reddere,
492 530 621 590 quaeque
637 521 704 571 tunc
721 513 837 590 carptim
850 512 944 571 multis
961 513 1150 591 obstrepenti·

150 594 202 652 bus
221 593 279 652 dixi
299 612 373 655 nunc
396 613 449 674 per
464 597 550 654 otium
565 596 694 672 iungere.
722 595 872 672 Fingamus
884 604 944 655 tres
956 597 1066 655 omnino
1081 595 1195 659 iudi-17

123 691 201 740 aces
213 679 241 736 in
256 676 327 738 banc
343 696 455 749 causam
472 679 552 738 datos
568 696 651 754 esse,
676 678 776 738 borum
793 679 840 737 uni
851 676 995 756 placuisse
1011 681 1105 756 perire
1119 679 1152 737 li-

149 760 259 838 bertos‚
277 760 359 821 alteri
374 761 509 838 relegari,
525 763 609 822 tertio
625 761 750 822 absolvi:
767 770 894 820 utrumne
910 763 1067 822 sententiae
1081 762 1152 822 duae

150 843 261 905 collatis
282 845 389 905 viribus
405 847 585 906 novissimam
604 843 765 922 periment
783 863 817 904 an
832 846 984 923 separatim
999 863 1053 905 una
1067 863 1156 923 quae·-

149 946 206 1006 que
222 929 383 988 tantundem
399 938 531 1006 quantum
545 928 634 988 altera
649 928 771 1006 valebit,
790 947 846 988 nec
861 928 950 1005 magis
969 929 1075 1006 poterit
1090 946 1153 988 cum

148 1011 274 1071 secunda
289 1013 378 1089 prima
393 1015 506 1072 conecti
521 1030 604 1089 quam
617 1012 742 1072 secunda
759 1030 822 1071 cum
836 1007 940 1070 tertia?
963 1010 1052 1088 Igitur
1066 1013 1094 1070 in
1106 1031 1151 1072 se·
1163 1018 1195 1072 18

106 1099 213 1154 lonatu
232 1111 346 1172 quoque
362 1096 501 1156 numerari
521 1105 661 1173 tamquam
683 1097 840 1155 contrariae
862 1093 968 1154 debent
991 1113 1062 1173 quae
1084 1104 1153 1155 tam·

149 1194 231 1256 quam
247 1177 376 1237 diversae
393 1177 532 1238 dicuntur.
565 1177 648 1251 Quod
667 1180 691 1237 si
705 1198 776 1238 unus
791 1177 883 1255 adque
898 1176 973 1236 idem
989 1186 1019 1238 et
1031 1177 1153 1257 perden-

149 1260 202 1319 dos
218 1270 353 1322 censeret
368 1270 397 1321 et
411 1261 600 1338 relegandos,
622 1278 687 1320 num
708 1279 744 1320 ex
763 1261 903 1320 sententia
918 1262 998 1319 unius
1014 1270 1043 1321 et
1058 1264 1152 1339 perire

149 1352 270 1421 possent
286 1353 315 1403 et
335 1340 478 1421 relegari?
498 1362 564 1403 num
579 1344 701 1421 denique
718 1346 830 1403 omnino
848 1360 901 1402 una
918 1346 1058 1403 sententia
1073 1354 1152 1422 puta·

148 1435 227 1485 retur
245 1445 317 1504 quae
339 1436 393 1486 tam
416 1428 528 1487 diversa
557 1424 764 1504 coniungeret?
794 1424 1033 1499 Quemadmodum
1056 1428 1150 1504 igitur,
1161 1435 1195 1490 19

109 1520 139 1570 15
149 1528 213 1569 cum
228 1509 300 1570 alter
320 1511 496 1610 puniendos,
516 1511 588 1570 alter
609 1518 725 1570 censeat
740 1508 930 1587 relegandos,
953 1509 1043 1568 videri
1056 1519 1152 1587 potest

148 1612 202 1653 una
217 1595 357 1654 sententia
364 1596 459 1673 ,quia
475 1594 577 1654 dicitur
590 1613 606 1654 a
621 1594 747 1671 duobus,
766 1612 838 1672 quae
853 1611 909 1653 non
926 1593 1070 1652 videretur
1086 1612 1151 1671 una,

148 1679 173 1735 si
190 1677 224 1736 ab
242 1695 297 1737 uno
319 1676 481 1738 diceretur?
505 1676 600 1751 Quid?
622 1677 742 1738 lemnon
762 1676 862 1755 aperte
882 1677 969 1736 docet
990 1677 1080 1735 dirimi
1103 1677 1151 1736 de·

149 1760 218 1820 bere
234 1764 390 1822 sententias
406 1760 564 1822 occidentis
581 1770 609 1821 ει
623 1761 796 1840 relegentis,
814 1779 877 1820 cum
891 1763 929 1820 ita
944 1761 1152 1820 discessionem

149 1843 210 1904 lieri
227 1845 342 1921 iubet,
346 1865 393 1924 qur
386 1846 480 1907 haec
495 1846 623 1921 sentitis,
646 1848 674 1904 in
688 1845 761 1906 hanc
776 1855 902 1924 partem,
919 1864 967 1923 qur
960 1845 1035 1905 alia
1048 1845 1151 1921 omnia,

104 1929 175 1986 20in
184 1925 259 1985 illam
269 1937 377 2043 partem
391 1929 498 2005 itaqua
514 1926 665 1988 sentitis'?
687 1929 822 1988 Examina
836 1928 947 2006 singula
961 1928 1048 1987 verba
1063 1938 1091 1987 et
1103 1947 1152 1987 ειι·

149 2008 258 2124 pende:
281 2012 341 2087 qui
357 2009 428 2069 baec
445 2013 587 2086 sentitis’‚
610 2010 666 2069 hoc
689 2020 734 2070 est
761 2013 809 2089 qui
836 2010 1008 2108 relegandos
1031 2012 1151 2089 putatis:

150 2094 190 2150 in
205 2091 277 2151 hanc
289 2098 422 2175 partem,
439 2092 468 2151 id
483 2103 528 2152 εει
548 2094 576 2150 in
600 2110 662 2152 eam
677 2095 704 2151 in
721 2110 775 2171 qua
789 2093 873 2152 sedet
888 2096 936 2171 qui
952 2095 1063 2152 censuit
1077 2093 1152 2153 rele-

149 2174 266 2251 gandos.
289 2170 335 2233 Ειι
351 2192 409 2273 quo
424 2175 602 2235 manifestum
618 2185 663 2234 cst
680 2193 736 2234 non
752 2193 842 2255 posse
857 2178 886 2234 in
898 2175 997 2235 eadem
1012 2184 1093 2252 parte
1108 2195 1151 2236 re·
1141 2186 1195 2238 -20

148 2275 263 2318 manere
287 2275 339 2318 eos
361 2260 410 2335 qui
431 2258 643 2319 interficiendos
663 2258 839 2319 arbitrantur.
872 2258 939 2332 ‘Qui
959 2257 1011 2318 alin
1033 2261 1151 2319 omnia':

105 2349 138 2401 25
148 2343 344 2402 animadvertis
357 2352 388 2402 ut
396 2360 453 2402 non
466 2351 600 2403 contenta
608 2341 657 2402 lex
667 2342 765 2402 dicere
776 2340 854 2401 ‘alia'
870 2342 1007 2404 addiderit
1024 2343 1140 2400 ‘omnia'
1143 2384 1151 2399 .

147 2424 221 2485 Num
248 2444 319 2504 ergo
347 2425 461 2488 dubium
485 2436 530 2487 est
554 2425 607 2486 alia
631 2427 724 2486 omnia
745 2426 851 2487 sentire
875 2425 996 2504 eosqui
1019 2424 1152 2484 occidunt

149 2527 230 2587 quam
246 2512 294 2588 qui
308 2507 459 2588 relegant?
487 2508 531 2573 ‘ln
549 2509 625 2569 illam
644 2520 754 2589 partem
774 2511 814 2570 ite
830 2527 884 2588 qua
898 2510 1035 2570 sentitis’:
1058 2526 1151 2568 nonne

147 2592 260 2651 videtur
275 2594 338 2670 ipsa
357 2593 405 2654 lex
426 2611 477 2655 eos
499 2595 546 2673 qni
561 2593 729 2655 dissentiunt
748 2594 776 2653 in
794 2594 961 2655 contrariam
978 2602 1087 2672 partem
1101 2610 1151 2651 vo·

150 2692 228 2752 care,
246 2692 364 2753 cogere,
381 2674 543 2756 inpellere?
559 2694 616 2736 non
632 2678 733 2738 consul
749 2679 833 2737 etiam
856 2678 904 2736 ubi
925 2678 1046 2756 quisque
1059 2683 1151 2736 'rema-

105 2775 140 2828 30
149 2777 236 2836 nere,
256 2775 313 2836 quo
333 2760 493 2837 transgredi
517 2760 635 2838 debeat,
664 2780 721 2822 non
735 2770 840 2821 tantum
854 2761 1039 2822 sollemnibus
1054 2760 1150 2820 verbis
1246 2766 1248 2770 ’

148 2842 200 2902 sed
220 2860 302 2902 manu
323 2851 467 2921 gestuque
485 2843 678 2905 demonstrat?
703 2844 749 2905 nd
769 2847 842 2907 enim
856 2845 980 2904 futurum
996 2853 1041 2906 est
1059 2852 1104 2920 ιιι
1127 2845 1193 2908 siti

148 2925 304 2988 dividantur
319 2928 478 2987 sentcntiae
494 2928 688 2989 interficientis
701 2937 730 2988 et
743 2929 910 3006 relegentis,
928 2927 1091 3007 praevaleat
1103 2926 1151 2986 illa

67 3036 72 3044 ·
148 3027 220 3087 quae
236 3009 369 3070 absolvit.
387 3009 462 3083 Quid
479 3011 555 3070 istud
566 3010 600 3070 ad
612 3011 787 3072 censentes?
811 3030 884 3092 quos
901 3021 981 3071 certe
997 3028 1053 3070 non
1065 3010 1150 3069 decet

149 3094 278 3155 omnibus
294 3095 413 3172 artibus,
430 3096 505 3153 omni
518 3097 626 3155 ratione
641 3113 769 3174 pugnare
784 3115 820 3155 ne
835 3097 882 3155 liat
896 3094 972 3173 quod
986 3102 1032 3152 est
1046 3094 1149 3152 mitius.

104 3188 138 3240 30
147 3177 270 3256 Oportet
289 3185 383 3237 tamen
401 3194 453 3238 eos
473 3178 522 3256 qui
541 3178 659 3257 puniunt
680 3188 710 3238 et
726 3197 773 3256 qur
766 3177 918 3256 relegant
935 3174 1150 3236 absolventibus

147 3279 278 3339 primum,
291 3278 358 3321 mox
369 3261 444 3320 inter
455 3279 488 3320 se
501 3264 667 3341 comparari.
692 3260 810 3320 Scilicet
821 3269 851 3320 ut
862 3261 890 3319 in
903 3256 1078 3337 spectaculis
1089 3260 1150 3334 qui·

148 3346 265 3405 busdam
287 3361 350 3404 sors
372 3344 495 3422 aliquem
516 3348 631 3423 seponit
648 3362 682 3403 ac
704 3352 799 3403 servat
813 3344 863 3421 qui
879 3360 942 3401 cum
956 3344 1067 3401 victore
1082 3359 1150 3401 con·

146 3428 296 3508 tendat,
272 3446 315 3489 src
329 3429 357 3487 in
372 3437 473 3489 senatu
491 3439 555 3488 sunt
569 3428 662 3506 aliqua
676 3429 781 3505 prima,
798 3435 863 3486 sunt
878 3425 1003 3486 secunda
1022 3429 1150 3486 certami-
