2588 4116
403 177 669 242 EPISTULARUM
689 179 753 241 IIII.
775 189 875 246 18.19.
1107 181 1147 246 81

674 332 697 392 1.

340 430 368 485 C.
393 429 518 484 PLINIUS
535 332 819 481 Augustianorum
838 429 898 482 SUO
918 429 944 481 S.

203 547 447 622 Quemadmodum
460 550 551 627 magis
567 549 726 627 adprobare
739 549 791 608 tibi
803 566 921 627 possum
936 559 1040 628 quanto
1057 566 1173 628 opere1

109 634 229 694 omirer
252 636 454 711 epigrammata
482 643 528 693 tua
555 632 663 694 Graeca
688 650 770 711 quam
788 634 873 711 'quod
894 633 1031 712 quaedam
1050 632 1147 695 Latine

136 717 274 778 aemulari
293 729 323 778 et
344 721 506 796 exprimere
521 714 683 795 temptavi?
710 719 738 775 in
755 716 883 778 deterius
899 728 1003 778 tamen.
1035 718 1149 777 Accidit

138 801 197 861 hoc
214 803 334 879 primurn
349 801 537 863 inbecillitate
552 803 658 880 ingenii
676 802 744 877 nef,
760 800 864 862 deinde
879 803 977 879 iuopia
993 820 1027 861 ac
1040 803 1147 880 potius,
1234 832 1236 837 ·

137 896 169 945 ut
184 885 335 946 Lucretius
350 889 405 964 ait,
421 896 551 964 egestate
567 888 649 965 patrii
666 886 816 946 sermonis.
847 884 931 957 Quod
947 887 971 946 si
987 885 1059 946 haec
1074 903 1175 965 quaes

138 979 205 1030 sunt
227 978 257 1029 et
277 969 370 1029 Latina
391 980 421 1031 et
441 989 504 1030 mea
525 970 634 1030 habere
648 969 700 1030 tibi
715 968 820 1047 aliquid
837 971 995 1031 venustatis
1011 970 1148 1030 videbun·

93 1063 202 1129 lotor,
224 1064 357 1132 quantum
378 1065 460 1132 putas
481 1056 578 1115 inesse
599 1056 634 1114 iis
656 1053 765 1131 gratiae
781 1071 854 1132 quae
867 1062 898 1113 et
912 1071 928 1113 a
943 1065 971 1115 te
988 1063 1018 1114 et
1038 1052 1148 1113 Graece

139 1135 345 1216 proferuntur?
377 1138 458 1198 Vale.

587 1285 666 1345 XVII
697 1327 705 1343 .

270 1383 297 1438 G.
319 1381 445 1434 PLINIUS
465 1285 869 1433 GALPURNIAEHHISPULLAE
888 1381 972 1432 SUAE
990 1379 1017 1432 S.

95 1519 130 1571 ιε,
206 1499 277 1561 Com
300 1503 342 1562 sis
360 1503 474 1579 pietatis
490 1501 652 1580 exemplum
669 1502 841 1579 fratremque
859 1501 993 1578 optimum
1011 1508 1040 1560 et
1057 1517 1173 1571 aman-1

140 1587 280 1646 tissimum
301 1588 339 1644 tui
363 1587 422 1663 pari
445 1587 563 1645 caritate
581 1585 715 1646 dilexeris
732 1584 873 1662 filiamque
891 1586 954 1644 eius
970 1594 999 1644 ut
1017 1593 1091 1643 tuam
1107 1586 1148 1645 di·

141 1670 215 1746 iigas
229 1689 283 1730 nec
298 1679 402 1730 tanturn
417 1671 517 1730 amitae
533 1672 559 1729 ei
574 1669 717 1731 adfectum
732 1686 830 1728 verum
849 1670 933 1727 etiarn
949 1671 1036 1746 patris
1053 1671 1149 1730 amissi

140 1764 356 1831 repraesentes,
374 1772 430 1813 non
444 1754 542 1814 dubito
557 1757 676 1814 maximo
689 1754 739 1814 tibi
751 1753 854 1830 gaudio
869 1753 944 1829 fore,
961 1770 1023 1812 cum
1040 1770 1148 1831 cogno-

139 1840 218 1897 veris
234 1838 344 1915 dignam
360 1848 450 1915 patre,
468 1838 579 1915 dignam
594 1848 635 1915 te,
651 1839 762 1916 dignam
779 1855 833 1897 avo
849 1837 984 1897 evadere.
1007 1837 1176 1906 snmmumo

95 1930 187 1992 coest
202 1939 339 1998 acumen,
358 1940 463 1981 summa
480 1921 643 1998 frugalitas:
667 1931 739 1982 amat
756 1940 818 1996 me,
836 1923 912 1998 quod
927 1923 1064 1982 castitatis
1079 1922 1148 1981 indi·

141 2007 216 2065 cium
233 2014 287 2064 est.
309 2004 431 2064 Accedit
445 2005 488 2064 iris
506 2005 629 2064 studium
646 2005 813 2080 litterarum,
830 2005 906 2081 quod
918 2023 954 2063 ex
966 2006 1021 2063 mei
1033 2008 1149 2066 caritate

140 2091 289 2165 concepit.
311 2086 393 2146 ItIeos
412 2087 527 2146 fibeIIos
542 2087 643 2161 habet,
656 2087 777 2162 lectitat,
791 2087 894 2146 edIscit
909 2089 1002 2146 etiarn.
1026 2087 1087 2160 Qua
1102 2089 1176 2157 illas

118 2176 123 2181 ’
140 2170 348 2243 sollicitudine,
365 2188 428 2229 curn
441 2170 543 2229 videor
557 2180 683 2246 acturus,
699 2178 813 2244 quanto,
831 2188 895 2228 cum
907 2173 965 2245 egi,
981 2170 1086 2246 gaudio
1102 2173 1150 2231 ad·

141 2257 248 2316 ficitur!
272 2254 406 2331 Disponit
423 2256 470 2332 qui
490 2256 619 2314 nuntient
640 2255 694 2314 sibi
710 2270 794 2330 quem
814 2252 983 2328 adsensum,
1005 2270 1078 2330 quos
1095 2254 1151 2313 cla·

96 2336 238 2408 osmores
263 2340 425 2415 excitarim,
447 2356 532 2417 quem
554 2348 688 2398 eventum
707 2337 802 2397 iudicii
824 2336 945 2396 tulerim.
977 2336 1103 2414 Eadem,
1127 2340 1152 2398 si

142 2425 255 2503 quando
274 2426 384 2500 recito,
406 2424 432 2482 in
454 2423 583 2500 proximo
601 2422 727 2490 discreta
748 2420 815 2482 velo
830 2421 913 2482 sedet
928 2421 1085 2500 laudesque
1100 2439 1151 2482 no·

142 2518 216 2569 stras
231 2507 401 2568 avidissimis
423 2509 537 2567 auribus
557 2509 672 2585 excipit.
705 2506 813 2567 Versus
833 2507 948 2585 quidem
962 2524 1042 2568 meos
1059 2516 1179 2572 cantati

143 2595 226 2652 etiam
244 2592 400 2670 formatque
413 2591 530 2668 cithara,
542 2609 597 2651 non
613 2592 719 2652 artifice
731 2590 828 2670 aliquo
841 2591 964 2651 docente
976 2591 1028 2651 sed
1040 2608 1150 2669 amore,

143 2678 191 2754 qui
207 2678 343 2752 magIster
357 2685 402 2736 est
419 2679 553 2754 optimus.
587 2675 637 2736 iiis
658 2695 694 2736 cx
710 2678 803 2736 causis
826 2677 852 2735 in
867 2693 950 2753 spenr
966 2677 1177 2742 certissimam5

98 2759 270 2826 soadducor
279 2770 447 2839 perpetuam
460 2761 544 2820 nobis
556 2762 748 2838 maioremque
759 2761 787 2818 in
800 2759 861 2820 dies
874 2759 992 2820 futuram
1005 2779 1072 2820 esse
1085 2779 1151 2821 con·

145 2843 277 2904 cordiam.
307 2844 370 2905 Nou
391 2846 466 2904 enim
486 2853 608 2904 aetatem
623 2861 713 2904 meam
727 2853 775 2903 aut
791 2861 908 2923 corpus,
930 2863 1002 2922 quae
1019 2845 1152 2922 paulatim

145 2928 280 2988 occidunt
301 2947 335 2988 ac
357 2937 530 3005 senescunt,
553 2928 605 2987 sed
625 2927 743 3005 gloriam
763 2926 864 3005 diligit.
896 2927 960 2988 Neo
976 2928 1051 2988 aliud
1067 2928 1178 2993 deoeto

144 3013 201 3072 tuis
216 3013 345 3072 manibus
361 3012 526 3087 educatam,
548 3013 603 3071 tuis
623 3013 786 3090 praeceptis
801 3013 974 3088 institutam,
991 3031 1065 3090 quae
1082 3012 1151 3071 nihiI

145 3098 173 3155 in
192 3097 379 3156 contubernio
401 3104 449 3155 tuo
471 3094 574 3154 viderit
594 3097 650 3155 nisi
672 3104 799 3156 sanctum
824 3096 1052 3174 honestumque,
1078 3113 1152 3172 quae

100 3180 269 3258 &denique
286 3198 379 3240 amare
395 3197 440 3240 ure
455 3197 492 3239 ex
507 3188 554 3238 tua
569 3178 781 3257 praedicatione
794 3181 986 3240 consueverit.
1005 3177 1076 3236 Nam
1090 3185 1179 3240 cumi

144 3274 262 3325 matrem
283 3282 372 3323 meam
396 3264 522 3342 pareutfs
544 3262 611 3322 Ioco
633 3264 794 3334 verereris,
822 3280 867 3322 mc
883 3280 899 3320 a
917 3261 1039 3339 pueritia
1059 3262 1153 3321 statim

145 3349 280 3423 formare,
297 3346 410 3408 laudare
429 3346 571 3424 talemque
586 3345 678 3425 qualis
693 3364 767 3405 nunc
781 3347 862 3405 uxori
875 3362 956 3402 meae
968 3343 1070 3404 videor
1082 3346 1152 3405 orni·

144 3435 205 3491 nari
227 3431 353 3574 soiqbas.
393 3429 529 3493 Certatim
549 3447 620 3506 crgo
643 3431 695 3490 tihi
715 3429 820 3508 gratias
843 3429 969 3506 agimus,
997 3447 1054 3507 ego
1077 3430 1182 3509 quod8

187 3521 260 3574 Puuu
300 3537 325 3574 u.
