2588 4116
350 248 615 309 PANEGYRIGUS
636 260 679 312 ao.
692 260 791 312 anan
804 259 849 312 aa.
1046 249 1107 313 251

94 403 177 463 mus!
205 402 318 463 Nomen
334 401 421 478 illud,
440 402 516 478 quod
532 400 578 459 alii
592 403 684 479 primo
700 403 792 462 statim
805 402 979 481 principatus
996 400 1061 479 die,
1076 414 1107 464 ut

94 488 279 565 imperatoris
301 495 329 546 et
346 483 495 560 Caesaris,
523 495 713 563 receperunt,
738 494 769 543 tu
790 503 883 563 usque
904 503 940 546 eo
963 485 1106 564 distulisti,
1162 484 1165 490 ’
1271 539 1276 550 .

95 571 194 632 donec
208 579 238 630 tu
253 588 384 649 quoque,
401 568 606 629 beneficiorum
618 577 729 628 tuorum
741 569 924 647 parcissimus
935 571 1107 647 aestimator,

96 657 154 714 iam
169 656 316 714 temerari
331 653 473 713 fatereris.
495 652 594 730 ltaque
609 651 665 712 soli
680 654 802 712 omnium
818 655 936 730 contigit
951 653 1001 712 tibi
1018 663 1048 713 ut
1060 671 1108 732 pa·

96 747 146 797 ter
164 740 272 814 patriae
285 755 369 797 esses
384 745 449 795 ante
466 754 548 814 quam
562 736 657 796 lieres.
678 735 750 796 Eras
767 737 841 796 enim
855 737 1011 813 inanimis,
1027 739 1054 795 iu
1065 739 1107 796 iu·

98 822 186 886 diciis¹
209 822 330 902 nostris',
359 838 414 879 nec
435 819 570 899 publicae
589 821 704 898 pietatis
725 822 860 879 intererat
874 821 941 897 quid
956 837 1107 897 vocarere,

96 907 155 964 nisi
174 904 250 982 quod
264 908 371 981 ingrata
387 903 442 962 sibi
455 903 620 982 videbatur,
648 906 672 964 si
686 914 715 964 te
729 905 930 981 imperatorem
945 905 1042 982 potius
1057 921 1108 962 vo·

99 995 181 1047 caret
193 997 222 1048 et
239 986 408 1063 Gaesarem,
425 1005 488 1046 oum
500 997 610 1065 patrem
624 989 812 1066 experiretur.
835 985 918 1059 Quod
932 987 1045 1066 quidem
1058 1004 1108 1046 no-

96 1090 166 1130 men
182 1089 236 1148 qua
256 1072 446 1147 benignitate,
462 1089 516 1148 qua
531 1069 705 1149 indulgentia
719 1070 856 1131 exerces!
872 1080 902 1130 ut
918 1088 982 1130 oum
999 1070 1108 1130 civibus

97 1156 158 1214 tuis
181 1156 261 1232 quasi
283 1171 346 1214 cum
367 1153 467 1213 liberis
487 1170 590 1230 parens
616 1153 702 1214 vivis!
728 1163 759 1213 ut
785 1173 920 1217 reversus
943 1156 1107 1231 imperator,

97 1240 148 1316 qui
164 1240 290 1316 privatus
305 1238 418 1296 exieras
429 1259 442 1312 ,¹
452 1239 602 1314 agnoscis,
618 1237 800 1314 agnosceris!
816 1236 943 1296 Eosdem
953 1253 1023 1312 nos,
1040 1256 1108 1295 euu-

97 1322 166 1380 dem
181 1330 211 1379 te
226 1329 326 1399 putas,
341 1337 393 1397 par
407 1319 553 1396 omnibus,
572 1330 601 1379 et
615 1321 671 1379 hoc
688 1329 792 1379 tantum
809 1320 914 1378 ceteris
929 1321 1016 1377 maior
1031 1318 1107 1396 quod

98 1403 214 1462 melior.
257 1404 302 1463 Ac
324 1405 458 1481 primum,
482 1405 529 1481 qui
550 1403 611 1464 dies
629 1403 679 1463 ille
700 1420 756 1481 quo
775 1411 944 1480 expectatus
963 1390 1159 1461 desidera-22

98 1497 207 1564 tueque
226 1488 324 1547 urbem
339 1496 416 1547 tuam
431 1489 580 1564 ingressus
602 1485 650 1546 es!
683 1484 740 1545 lam
760 1485 816 1545 boe
838 1487 947 1564 ipsum,
975 1484 1051 1562 quod
1067 1487 1107 1544 iu-

99 1589 221 1647 gressus
236 1589 283 1646 es,
303 1588 385 1649 quarn
397 1572 496 1629 mirum
510 1568 686 1647 laetumque!
707 1568 777 1628 Nam
790 1570 902 1648 priores
917 1569 1012 1627 invehi
1027 1577 1056 1628 et
1068 1569 1108 1628 in-

99 1656 206 1732 portari
218 1653 364 1730 solebant,
377 1671 433 1713 non
446 1653 510 1714 dico
522 1653 689 1731 quadriiugo
703 1671 785 1712 curru
799 1662 828 1713 et
839 1651 999 1713 albentibus
1013 1653 1107 1729 equis,

100 1737 154 1797 sed
170 1739 274 1798 umeris
293 1738 446 1814 hominum,
463 1737 539 1816 quod
557 1736 739 1815 adrogantius
755 1746 823 1797 erat.
845 1735 887 1794 'l'u
902 1734 963 1796 sola
977 1737 1108 1814 corporis

100 1821 274 1899 proceritate
295 1819 398 1880 elatior
413 1821 476 1880 aliis
494 1829 523 1881 et
537 1822 699 1898 excelsior,
725 1839 781 1881 non
802 1821 838 1880 de
859 1822 992 1899 patientia
1012 1829 1109 1879 nostra

101 1902 241 1982 quendam
254 1903 442 1982 triumphum,
464 1903 517 1963 scd
530 1904 565 1964 de
577 1905 711 1984 superbia
728 1906 887 1981 principum
903 1905 998 1980 egisti.
1028 1901 1108 1979 Ergo

101 2005 158 2047 non
173 1997 251 2047 aetas
268 2004 454 2064 quemquam,
476 2003 532 2045 non
547 1986 695 2062 valetudo,
713 2004 769 2045 non
781 2005 867 2046 sexus
883 1987 1036 2046 retardavit
1051 2004 1107 2063 quo

100 2073 192 2130 minus
209 2068 311 2128 oculos
326 2067 441 2128 insolito
453 2068 620 2145 spectaculo
637 2068 769 2146 inpleret.
791 2067 832 2128 'le
848 2067 957 2146 parvuli
972 2085 1106 2143 noscere,
1196 2102 1198 2105 -

101 2162 248 2223 ostentare
268 2154 405 2228 iuvenes,
430 2152 523 2210 mirari
544 2170 646 2220 senes;
671 2153 751 2227 aegri
767 2169 881 2229 quoque
898 2150 1035 2226 neglecto
1049 2167 1109 2209 mc·

101 2238 227 2298 dentium
246 2235 366 2313 imperio
387 2234 422 2292 ad
442 2243 628 2311 conspectum
642 2237 699 2311 tui,
728 2236 806 2312 quasi
821 2234 856 2292 ad
872 2232 991 2294 salutem
1007 2234 1109 2293 sanita·

101 2331 218 2398 temque
234 2336 400 2397 prorepere.
435 2315 504 2377 lude
520 2317 566 2377 alii
580 2337 612 2378 se
627 2318 695 2376 satis
710 2318 817 2377 vixisse
833 2326 861 2376 te
874 2318 954 2394 viso,
982 2325 1011 2374 te
1026 2333 1108 2376 rece·

88 2413 172 2482 pto,
201 2403 248 2462 alii
269 2421 343 2461 nuuc
364 2403 454 2480 magis
474 2419 540 2462 esse
564 2401 714 2461 vivendum
730 2400 939 2479 praedicabant.
977 2397 1109 2459 Feminas

104 2489 269 2546 etiamtunc
287 2485 467 2547 fecunditatis
484 2504 551 2545 suae
565 2487 682 2545 maxima
697 2484 829 2563 voluptas
845 2484 947 2561 subiit,
966 2501 1029 2542 cum
1046 2501 1108 2543 oer-

101 2579 204 2630 nereut
226 2571 271 2628 cui
292 2570 414 2649 principi
428 2572 524 2645 cives,
551 2571 595 2628 cui
610 2571 774 2647 imperatori
793 2568 898 2627 milites
914 2568 1107 2646 peperissent.

101 2654 224 2712 Videres
238 2652 345 2711 referta
360 2660 436 2712 tecta
451 2671 485 2712 ac
504 2651 678 2729 laborantia,
693 2670 728 2712 ac
742 2671 779 2712 ne
798 2671 862 2711 eum
878 2650 992 2729 quidem
1007 2668 1107 2710 vacan-

101 2747 161 2798 tem
176 2735 272 2794 locum
290 2737 337 2813 qui
351 2752 407 2795 non
421 2736 474 2796 nisi
492 2754 661 2814 suspensum
676 2744 705 2795 et
716 2735 848 2795 instabile
859 2736 1011 2811 vestigium
1024 2752 1109 2813 capc-

88 2829 164 2896 tret,
184 2817 317 2898 oppletas
329 2817 452 2898 undique
464 2818 524 2879 vias
538 2828 743 2896 angustumque
753 2819 895 2887 tramitem
905 2817 1036 2878 relictum
1047 2818 1108 2892 tibi,

101 2903 226 2964 alacrem
242 2901 308 2962 hinc
320 2912 405 2981 atque
422 2901 487 2962 inde
502 2900 656 2981 populum,
673 2902 777 2979 ubique
794 2920 846 2981 par
857 2901 987 2979 gaudium
998 2919 1109 2979 parem·

103 3005 159 3066 quc
178 2987 340 3047 clamorem.
370 2984 437 3045 Tam
455 2985 582 3064 aequalis
600 2986 634 3045 ab
650 2986 778 3046 omnibus
795 3005 832 3045 ex
850 2985 972 3046 adventu
985 2993 1035 3043 tuo
1050 2984 1109 3043 lae·

102 3073 162 3131 titia
177 3081 317 3150 percepta
331 3081 376 3130 cst
391 3087 473 3148 quam
489 3069 618 3129 omnibus
634 3071 751 3129 venisti:
767 3087 840 3147 quae
858 3078 950 3127 tamen
965 3070 1028 3143 ipsa
1047 3084 1110 3125 curn
1218 3108 1222 3116 ,

101 3158 234 3232 ingressu
256 3164 306 3215 tuo
329 3156 418 3216 crevit
437 3170 472 3213 ac
487 3170 581 3232 prope
601 3155 629 3212 in
651 3152 780 3230 singulos
802 3151 905 3229 gradus
920 3149 1037 3209 adaucta
1054 3159 1108 3207 est.

88 3238 219 3298 ,Gratum
238 3249 298 3298 erat
319 3238 429 3298 cunctis
450 3238 526 3315 quod
547 3245 675 3297 senatum
693 3235 794 3297 osculo
811 3238 982 3312 exciperes,
1012 3240 1042 3290 ut
1066 3227 1159 3291 ‹tr-23

100 3325 206 3382 missus
228 3321 329 3382 osculo
351 3321 463 3398 fueras,
491 3331 601 3398 gratum
622 3319 698 3397 quod
719 3319 860 3397 equestris
876 3316 981 3375 ordinis
1004 3315 1109 3374 decora

102 3407 212 3465 honore
227 3410 369 3466 nominum
385 3407 447 3466 sine
462 3407 603 3465 monitore
618 3407 763 3481 signares,
785 3410 894 3478 gratum
909 3398 986 3476 quod
1004 3407 1110 3458 tantum

101 3506 159 3548 non
174 3488 248 3549 ultro
264 3490 416 3550 clientibus
430 3487 558 3549 salutatis
574 3488 709 3567 quasdam
725 3484 917 3544 familiaritatis
930 3492 1011 3543 notas
1024 3480 1109 3542 adde·

1179 3618 1278 3884 s
