<?xml version="1.0" encoding="UTF-8"?>
<!DOCTYPE html PUBLIC "-//W3C//DTD XHTML 1.0 Transitional//EN"
    "http://www.w3.org/TR/xhtml1/DTD/xhtml1-transitional.dtd">
<html xmlns="http://www.w3.org/1999/xhtml" xml:lang="en" lang="en">
 <head>
  <title>
</title>
<meta http-equiv="Content-Type" content="text/html;charset=utf-8" />
  <meta name='ocr-system' content='tesseract 3.04.00' />
  <meta name='ocr-capabilities' content='ocr_page ocr_carea ocr_par ocr_line ocrx_word'/>
</head>
<body>
  <div class='ocr_page' id='page_1' title='image "./cplinicaccilise00plingoog_0031.png"; bbox 0 0 2588 4116; ppageno 0'>
   <div class='ocr_carea' id='block_1_1' title="bbox 164 245 781 313">
    <p class='ocr_par' dir='ltr' id='par_1_1' title="bbox 164 245 781 313">
     <span class='ocr_line' id='line_1_1' title="bbox 164 245 781 313; baseline -0.01 -2"><span class='ocrx_word' id='word_1_1' title='bbox 164 301 169 313; x_wconf 92' lang='lat'>.</span> <span class='ocrx_word' id='word_1_2' title='bbox 206 251 225 308; x_wconf 81' lang='grc'>8</span> <span class='ocrx_word' id='word_1_3' title='bbox 630 245 664 307; x_wconf 85' lang='lat' dir='ltr'>G.</span> <span class='ocrx_word' id='word_1_4' title='bbox 684 245 781 306; x_wconf 87' lang='lat' dir='ltr'>PLlNl</span> 
     </span>
    </p>
   </div>
   <div class='ocr_carea' id='block_1_2' title="bbox 161 396 1294 1874">
    <p class='ocr_par' dir='ltr' id='par_1_2' title="bbox 161 396 1294 1874">
     <span class='ocr_line' id='line_1_2' title="bbox 204 396 1209 476; baseline -0.001 -19"><span class='ocrx_word' id='word_1_5' title='bbox 204 415 262 457; x_wconf 91' lang='lat' dir='ltr'>non</span> <span class='ocrx_word' id='word_1_6' title='bbox 286 407 436 476; x_wconf 88' lang='lat' dir='ltr'>sequatur,</span> <span class='ocrx_word' id='word_1_7' title='bbox 461 396 569 456; x_wconf 89' lang='lat' dir='ltr'>idcirco</span> <span class='ocrx_word' id='word_1_8' title='bbox 588 399 664 476; x_wconf 94' lang='lat' dir='ltr'>quod</span> <span class='ocrx_word' id='word_1_9' title='bbox 687 397 808 474; x_wconf 82' lang='lat' dir='ltr'>gloriam</span> <span class='ocrx_word' id='word_1_10' title='bbox 829 399 932 457; x_wconf 90' lang='lat' dir='ltr'>meruit</span> <span class='ocrx_word' id='word_1_11' title='bbox 950 399 1040 458; x_wconf 91' lang='lat' dir='ltr'>miuus</span> <span class='ocrx_word' id='word_1_12' title='bbox 1061 398 1209 476; x_wconf 91' lang='lat' dir='ltr'>pulchrum</span> 
     </span>
     <span class='ocr_line' id='line_1_3' title="bbox 161 481 1208 561; baseline -0.002 -17"><span class='ocrx_word' id='word_1_13' title='bbox 161 491 261 544; x_wconf 79' lang='lat' dir='ltr'>locst.</span> <span class='ocrx_word' id='word_1_14' title='bbox 282 481 389 543; x_wconf 90' lang='lat' dir='ltr'>livero</span> <span class='ocrx_word' id='word_1_15' title='bbox 405 483 454 558; x_wconf 93' lang='lat' dir='ltr'>qui</span> <span class='ocrx_word' id='word_1_16' title='bbox 472 481 621 540; x_wconf 86' lang='lat' dir='ltr'>benefacta</span> <span class='ocrx_word' id='word_1_17' title='bbox 641 499 691 541; x_wconf 91' lang='lat' dir='ltr'>sua</span> <span class='ocrx_word' id='word_1_18' title='bbox 708 481 805 540; x_wconf 91' lang='lat' dir='ltr'>verbis</span> <span class='ocrx_word' id='word_1_19' title='bbox 823 481 959 540; x_wconf 91' lang='lat' dir='ltr'>adornant</span> <span class='ocrx_word' id='word_1_20' title='bbox 974 499 1030 541; x_wconf 92' lang='lat' dir='ltr'>non</span> <span class='ocrx_word' id='word_1_21' title='bbox 1046 482 1112 542; x_wconf 90' lang='lat' dir='ltr'>ideo</span> <span class='ocrx_word' id='word_1_22' title='bbox 1127 502 1208 561; x_wconf 90' lang='lat' dir='ltr'>prae·</span> 
     </span>
     <span class='ocr_line' id='line_1_4' title="bbox 206 563 1208 643; baseline 0.001 -19"><span class='ocrx_word' id='word_1_23' title='bbox 206 565 301 624; x_wconf 89' lang='lat' dir='ltr'>dicare</span> <span class='ocrx_word' id='word_1_24' title='bbox 323 567 387 643; x_wconf 85' lang='lat' dir='ltr'>quia</span> <span class='ocrx_word' id='word_1_25' title='bbox 408 566 547 641; x_wconf 76' lang='lat' dir='ltr'>fecerint,</span> <span class='ocrx_word' id='word_1_26' title='bbox 573 563 625 623; x_wconf 89' lang='lat' dir='ltr'>sed</span> <span class='ocrx_word' id='word_1_27' title='bbox 646 574 677 622; x_wconf 91' lang='lat' dir='ltr'>ut</span> <span class='ocrx_word' id='word_1_28' title='bbox 698 563 896 641; x_wconf 80' lang='lat' dir='ltr'>praedicarent</span> <span class='ocrx_word' id='word_1_29' title='bbox 918 565 1027 626; x_wconf 86' lang='lat' dir='ltr'>iecisse</span> <span class='ocrx_word' id='word_1_30' title='bbox 1045 567 1208 625; x_wconf 91' lang='lat' dir='ltr'>creduntur.</span> 
     </span>
     <span class='ocr_line' id='line_1_5' title="bbox 206 646 1209 727; baseline 0.001 -19"><span class='ocrx_word' id='word_1_31' title='bbox 206 650 266 726; x_wconf 84' lang='lat' dir='ltr'>Sic,</span> <span class='ocrx_word' id='word_1_32' title='bbox 280 648 358 727; x_wconf 92' lang='lat' dir='ltr'>quod</span> <span class='ocrx_word' id='word_1_33' title='bbox 371 649 550 725; x_wconf 82' lang='lat' dir='ltr'>magnificum</span> <span class='ocrx_word' id='word_1_34' title='bbox 565 646 710 706; x_wconf 84' lang='lat' dir='ltr'>referente</span> <span class='ocrx_word' id='word_1_35' title='bbox 723 647 780 707; x_wconf 89' lang='lat' dir='ltr'>alio</span> <span class='ocrx_word' id='word_1_36' title='bbox 798 647 913 726; x_wconf 86' lang='lat' dir='ltr'>luisset,</span> <span class='ocrx_word' id='word_1_37' title='bbox 932 651 997 726; x_wconf 91' lang='lat' dir='ltr'>ipso</span> <span class='ocrx_word' id='word_1_38' title='bbox 1013 652 1060 727; x_wconf 92' lang='lat' dir='ltr'>qui</span> <span class='ocrx_word' id='word_1_39' title='bbox 1077 661 1209 726; x_wconf 83' lang='lat' dir='ltr'>gesserat</span> 
     </span>
     <span class='ocr_line' id='line_1_6' title="bbox 204 728 1233 808; baseline 0.002 -17"><span class='ocrx_word' id='word_1_40' title='bbox 204 741 376 792; x_wconf 81' lang='lat' dir='ltr'>recensente</span> <span class='ocrx_word' id='word_1_41' title='bbox 399 733 534 790; x_wconf 88' lang='lat' dir='ltr'>vanescit.</span> <span class='ocrx_word' id='word_1_42' title='bbox 563 728 700 790; x_wconf 88' lang='lat' dir='ltr'>Homines</span> <span class='ocrx_word' id='word_1_43' title='bbox 716 733 806 808; x_wconf 90' lang='lat' dir='ltr'>euim,</span> <span class='ocrx_word' id='word_1_44' title='bbox 828 750 892 790; x_wconf 92' lang='lat' dir='ltr'>cum</span> <span class='ocrx_word' id='word_1_45' title='bbox 912 750 973 792; x_wconf 93' lang='lat' dir='ltr'>rem</span> <span class='ocrx_word' id='word_1_46' title='bbox 987 732 1137 793; x_wconf 88' lang='lat' dir='ltr'>destruere</span> <span class='ocrx_word' id='word_1_47' title='bbox 1152 742 1233 794; x_wconf 89' lang='lat' dir='ltr'>uon5</span> 
     </span>
     <span class='ocr_line' id='line_1_7' title="bbox 206 815 1208 893; baseline 0.001 -17"><span class='ocrx_word' id='word_1_48' title='bbox 206 825 345 892; x_wconf 91' lang='lat' dir='ltr'>possunt,</span> <span class='ocrx_word' id='word_1_49' title='bbox 364 816 544 874; x_wconf 89' lang='lat' dir='ltr'>iactationem</span> <span class='ocrx_word' id='word_1_50' title='bbox 560 815 621 873; x_wconf 90' lang='lat' dir='ltr'>eius</span> <span class='ocrx_word' id='word_1_51' title='bbox 641 815 798 874; x_wconf 88' lang='lat' dir='ltr'>incessunt.</span> <span class='ocrx_word' id='word_1_52' title='bbox 830 815 888 893; x_wconf 87' lang='lat' dir='ltr'>lta,</span> <span class='ocrx_word' id='word_1_53' title='bbox 911 817 936 875; x_wconf 91' lang='lat' dir='ltr'>si</span> <span class='ocrx_word' id='word_1_54' title='bbox 959 817 1070 876; x_wconf 90' lang='lat' dir='ltr'>silenda</span> <span class='ocrx_word' id='word_1_55' title='bbox 1090 816 1208 893; x_wconf 86' lang='lat' dir='ltr'>leceris,</span> 
     </span>
     <span class='ocr_line' id='line_1_8' title="bbox 164 896 1209 977; baseline 0.003 -21"><span class='ocrx_word' id='word_1_56' title='bbox 164 911 197 964; x_wconf 77' lang='lat'>16</span> <span class='ocrx_word' id='word_1_57' title='bbox 206 900 309 958; x_wconf 88' lang='lat' dir='ltr'>iactum</span> <span class='ocrx_word' id='word_1_58' title='bbox 325 899 430 975; x_wconf 87' lang='lat' dir='ltr'>ipsum,</span> <span class='ocrx_word' id='word_1_59' title='bbox 447 900 471 957; x_wconf 91' lang='lat' dir='ltr'>si</span> <span class='ocrx_word' id='word_1_60' title='bbox 486 896 621 956; x_wconf 84' lang='lat' dir='ltr'>laudanda</span> <span class='ocrx_word' id='word_1_61' title='bbox 635 915 691 956; x_wconf 92' lang='lat' dir='ltr'>nou</span> <span class='ocrx_word' id='word_1_62' title='bbox 707 900 805 974; x_wconf 84' lang='lat' dir='ltr'>sileas,</span> <span class='ocrx_word' id='word_1_63' title='bbox 825 901 889 976; x_wconf 92' lang='lat' dir='ltr'>ipse</span> <span class='ocrx_word' id='word_1_64' title='bbox 905 900 1039 977; x_wconf 90' lang='lat' dir='ltr'>culparis.</span> <span class='ocrx_word' id='word_1_65' title='bbox 1074 899 1121 959; x_wconf 80' lang='lat' dir='ltr'>dle</span> <span class='ocrx_word' id='word_1_66' title='bbox 1139 919 1209 960; x_wconf 90' lang='lat' dir='ltr'>vero</span> 
     </span>
     <span class='ocr_line' id='line_1_9' title="bbox 208 980 1209 1061; baseline 0.003 -21"><span class='ocrx_word' id='word_1_67' title='bbox 208 980 360 1060; x_wconf 90' lang='lat' dir='ltr'>peculiaris</span> <span class='ocrx_word' id='word_1_68' title='bbox 380 980 517 1059; x_wconf 91' lang='lat' dir='ltr'>quaedam</span> <span class='ocrx_word' id='word_1_69' title='bbox 532 981 641 1057; x_wconf 89' lang='lat' dir='ltr'>inpedit</span> <span class='ocrx_word' id='word_1_70' title='bbox 656 983 739 1041; x_wconf 88' lang='lat' dir='ltr'>ratio.</span> <span class='ocrx_word' id='word_1_71' title='bbox 771 982 884 1041; x_wconf 83' lang='lat' dir='ltr'>Etenim</span> <span class='ocrx_word' id='word_1_72' title='bbox 902 983 977 1042; x_wconf 90' lang='lat' dir='ltr'>lmuc</span> <span class='ocrx_word' id='word_1_73' title='bbox 992 986 1085 1061; x_wconf 91' lang='lat' dir='ltr'>ipsum</span> <span class='ocrx_word' id='word_1_74' title='bbox 1101 1003 1209 1044; x_wconf 92' lang='lat' dir='ltr'>sermo-</span> 
     </span>
     <span class='ocr_line' id='line_1_10' title="bbox 206 1064 1208 1144; baseline 0.003 -21"><span class='ocrx_word' id='word_1_75' title='bbox 206 1083 271 1124; x_wconf 89' lang='lat' dir='ltr'>nem</span> <span class='ocrx_word' id='word_1_76' title='bbox 285 1082 341 1123; x_wconf 91' lang='lat' dir='ltr'>uon</span> <span class='ocrx_word' id='word_1_77' title='bbox 365 1065 440 1142; x_wconf 92' lang='lat' dir='ltr'>apud</span> <span class='ocrx_word' id='word_1_78' title='bbox 458 1064 596 1143; x_wconf 90' lang='lat' dir='ltr'>populum</span> <span class='ocrx_word' id='word_1_79' title='bbox 618 1064 671 1125; x_wconf 93' lang='lat' dir='ltr'>sed</span> <span class='ocrx_word' id='word_1_80' title='bbox 689 1065 764 1143; x_wconf 89' lang='lat' dir='ltr'>apud</span> <span class='ocrx_word' id='word_1_81' title='bbox 790 1066 961 1127; x_wconf 86' lang='lat' dir='ltr'>decuriones</span> <span class='ocrx_word' id='word_1_82' title='bbox 981 1066 1081 1144; x_wconf 86' lang='lat' dir='ltr'>habui,</span> <span class='ocrx_word' id='word_1_83' title='bbox 1105 1086 1159 1126; x_wconf 89' lang='lat' dir='ltr'>nec</span> <span class='ocrx_word' id='word_1_84' title='bbox 1181 1071 1208 1126; x_wconf 92' lang='lat' dir='ltr'>in</span> 
     </span>
     <span class='ocr_line' id='line_1_11' title="bbox 164 1147 1252 1228; baseline 0.003 -21"><span class='ocrx_word' id='word_1_85' title='bbox 164 1159 197 1213; x_wconf 83' lang='lat'>17</span> <span class='ocrx_word' id='word_1_86' title='bbox 205 1148 358 1228; x_wconf 90' lang='lat' dir='ltr'>propatulo</span> <span class='ocrx_word' id='word_1_87' title='bbox 380 1148 432 1209; x_wconf 92' lang='lat' dir='ltr'>sed</span> <span class='ocrx_word' id='word_1_88' title='bbox 455 1150 483 1208; x_wconf 90' lang='lat' dir='ltr'>in</span> <span class='ocrx_word' id='word_1_89' title='bbox 504 1151 590 1207; x_wconf 90' lang='lat' dir='ltr'>curia.</span> <span class='ocrx_word' id='word_1_90' title='bbox 621 1147 733 1208; x_wconf 90' lang='lat' dir='ltr'>Vereor</span> <span class='ocrx_word' id='word_1_91' title='bbox 745 1167 816 1226; x_wconf 89' lang='lat' dir='ltr'>ergo</span> <span class='ocrx_word' id='word_1_92' title='bbox 837 1160 868 1209; x_wconf 90' lang='lat' dir='ltr'>ut</span> <span class='ocrx_word' id='word_1_93' title='bbox 886 1153 923 1210; x_wconf 90' lang='lat' dir='ltr'>sit</span> <span class='ocrx_word' id='word_1_94' title='bbox 943 1153 1013 1210; x_wconf 89' lang='lat' dir='ltr'>satis</span> <span class='ocrx_word' id='word_1_95' title='bbox 1033 1167 1206 1227; x_wconf 80' lang='lat' dir='ltr'>congruens,</span> <span class='ocrx_word' id='word_1_96' title='bbox 1218 1165 1252 1216; x_wconf 88' lang='lat'>10</span> 
     </span>
     <span class='ocr_line' id='line_1_12' title="bbox 207 1230 1207 1310; baseline -0.002 -18"><span class='ocrx_word' id='word_1_97' title='bbox 207 1251 270 1292; x_wconf 91' lang='lat' dir='ltr'>cum</span> <span class='ocrx_word' id='word_1_98' title='bbox 287 1235 317 1293; x_wconf 91' lang='lat' dir='ltr'>in</span> <span class='ocrx_word' id='word_1_99' title='bbox 338 1232 459 1292; x_wconf 90' lang='lat' dir='ltr'>dicendo</span> <span class='ocrx_word' id='word_1_100' title='bbox 483 1232 705 1292; x_wconf 84' lang='lat' dir='ltr'>adsentationem</span> <span class='ocrx_word' id='word_1_101' title='bbox 720 1233 800 1309; x_wconf 84' lang='lat' dir='ltr'>vulgi</span> <span class='ocrx_word' id='word_1_102' title='bbox 817 1230 1105 1310; x_wconf 85' lang='lat' dir='ltr'>adclamationemque</span> <span class='ocrx_word' id='word_1_103' title='bbox 1127 1233 1207 1292; x_wconf 89' lang='lat' dir='ltr'>delu-</span> 
     </span>
     <span class='ocr_line' id='line_1_13' title="bbox 206 1315 1221 1395; baseline -0.004 -19"><span class='ocrx_word' id='word_1_104' title='bbox 206 1319 307 1394; x_wconf 84' lang='lat' dir='ltr'>gerim,</span> <span class='ocrx_word' id='word_1_105' title='bbox 324 1334 398 1375; x_wconf 92' lang='lat' dir='ltr'>nunc</span> <span class='ocrx_word' id='word_1_106' title='bbox 410 1316 510 1376; x_wconf 86' lang='lat' dir='ltr'>eadem</span> <span class='ocrx_word' id='word_1_107' title='bbox 521 1315 569 1375; x_wconf 92' lang='lat' dir='ltr'>illa</span> <span class='ocrx_word' id='word_1_108' title='bbox 583 1316 709 1375; x_wconf 87' lang='lat' dir='ltr'>editione</span> <span class='ocrx_word' id='word_1_109' title='bbox 727 1319 841 1393; x_wconf 91' lang='lat' dir='ltr'>sectari,</span> <span class='ocrx_word' id='word_1_110' title='bbox 858 1335 979 1395; x_wconf 91' lang='lat' dir='ltr'>eumque</span> <span class='ocrx_word' id='word_1_111' title='bbox 992 1315 1107 1393; x_wconf 88' lang='lat' dir='ltr'>plebem</span> <span class='ocrx_word' id='word_1_112' title='bbox 1118 1319 1221 1393; x_wconf 89' lang='lat' dir='ltr'>ipsam.</span> 
     </span>
     <span class='ocr_line' id='line_1_14' title="bbox 207 1395 1207 1477; baseline -0.003 -17"><span class='ocrx_word' id='word_1_113' title='bbox 207 1403 253 1460; x_wconf 91' lang='lat' dir='ltr'>cui</span> <span class='ocrx_word' id='word_1_114' title='bbox 271 1399 473 1460; x_wconf 87' lang='lat' dir='ltr'>consulebatur</span> <span class='ocrx_word' id='word_1_115' title='bbox 489 1399 584 1458; x_wconf 92' lang='lat' dir='ltr'>limine</span> <span class='ocrx_word' id='word_1_116' title='bbox 601 1402 696 1458; x_wconf 91' lang='lat' dir='ltr'>curiae</span> <span class='ocrx_word' id='word_1_117' title='bbox 713 1401 927 1477; x_wconf 86' lang='lat' dir='ltr'>parietibusque</span> <span class='ocrx_word' id='word_1_118' title='bbox 942 1400 1144 1476; x_wconf 87' lang='lat' dir='ltr'>discreverim,</span> <span class='ocrx_word' id='word_1_119' title='bbox 1171 1395 1207 1458; x_wconf 90' lang='lat' dir='ltr'>ne</span> 
     </span>
     <span class='ocr_line' id='line_1_15' title="bbox 207 1482 1207 1562; baseline -0.001 -20"><span class='ocrx_word' id='word_1_120' title='bbox 207 1502 289 1562; x_wconf 89' lang='lat' dir='ltr'>quam</span> <span class='ocrx_word' id='word_1_121' title='bbox 301 1487 329 1543; x_wconf 92' lang='lat' dir='ltr'>in</span> <span class='ocrx_word' id='word_1_122' title='bbox 341 1486 470 1560; x_wconf 90' lang='lat' dir='ltr'>speciem</span> <span class='ocrx_word' id='word_1_123' title='bbox 481 1483 641 1542; x_wconf 86' lang='lat' dir='ltr'>ambitionis</span> <span class='ocrx_word' id='word_1_124' title='bbox 654 1482 819 1559; x_wconf 89' lang='lat' dir='ltr'>inciderem,</span> <span class='ocrx_word' id='word_1_125' title='bbox 834 1501 908 1541; x_wconf 90' lang='lat' dir='ltr'>nunc</span> <span class='ocrx_word' id='word_1_126' title='bbox 922 1500 974 1543; x_wconf 92' lang='lat' dir='ltr'>eos</span> <span class='ocrx_word' id='word_1_127' title='bbox 992 1485 1074 1542; x_wconf 89' lang='lat' dir='ltr'>etiam</span> <span class='ocrx_word' id='word_1_128' title='bbox 1087 1484 1121 1540; x_wconf 89' lang='lat' dir='ltr'>ad</span> <span class='ocrx_word' id='word_1_129' title='bbox 1134 1501 1207 1560; x_wconf 88' lang='lat' dir='ltr'>quos</span> 
     </span>
     <span class='ocr_line' id='line_1_16' title="bbox 207 1563 1294 1642; baseline -0.002 -17"><span class='ocrx_word' id='word_1_130' title='bbox 207 1585 244 1625; x_wconf 87' lang='lat' dir='ltr'>cx</span> <span class='ocrx_word' id='word_1_131' title='bbox 256 1583 373 1623; x_wconf 88' lang='lat' dir='ltr'>munere</span> <span class='ocrx_word' id='word_1_132' title='bbox 390 1576 489 1625; x_wconf 91' lang='lat' dir='ltr'>nostro</span> <span class='ocrx_word' id='word_1_133' title='bbox 503 1564 573 1623; x_wconf 88' lang='lat' dir='ltr'>nihil</span> <span class='ocrx_word' id='word_1_134' title='bbox 588 1566 713 1640; x_wconf 87' lang='lat' dir='ltr'>pertinet</span> <span class='ocrx_word' id='word_1_135' title='bbox 727 1575 841 1641; x_wconf 87' lang='lat' dir='ltr'>praeter</span> <span class='ocrx_word' id='word_1_136' title='bbox 853 1565 1014 1642; x_wconf 85' lang='lat' dir='ltr'>exemplum</span> <span class='ocrx_word' id='word_1_137' title='bbox 1028 1563 1108 1623; x_wconf 88' lang='lat' dir='ltr'>velut</span> <span class='ocrx_word' id='word_1_138' title='bbox 1124 1566 1207 1623; x_wconf 91' lang='lat' dir='ltr'>obvia</span> <span class='ocrx_word' id='word_1_139' title='bbox 1217 1584 1251 1634; x_wconf 82' lang='lat'>15</span> <span class='ocrx_word' id='word_1_140' title='bbox 1293 1634 1294 1641; x_wconf 8' lang='grc' dir='ltr'>ἵ</span> 
     </span>
     <span class='ocr_line' id='line_1_17' title="bbox 164 1645 1294 1726; baseline -0.004 -15"><span class='ocrx_word' id='word_1_141' title='bbox 164 1658 198 1711; x_wconf 82' lang='lat'>18</span> <span class='ocrx_word' id='word_1_142' title='bbox 206 1649 396 1709; x_wconf 89' lang='lat' dir='ltr'>ostentatione</span> <span class='ocrx_word' id='word_1_143' title='bbox 415 1649 595 1726; x_wconf 88' lang='lat' dir='ltr'>conquirere.</span> <span class='ocrx_word' id='word_1_144' title='bbox 616 1645 711 1706; x_wconf 85' lang='lat' dir='ltr'>Habes</span> <span class='ocrx_word' id='word_1_145' title='bbox 729 1649 916 1708; x_wconf 87' lang='lat' dir='ltr'>cunctationis</span> <span class='ocrx_word' id='word_1_146' title='bbox 931 1665 1011 1706; x_wconf 89' lang='lat' dir='ltr'>meae</span> <span class='ocrx_word' id='word_1_147' title='bbox 1024 1665 1140 1715; x_wconf 81' lang='lat' dir='ltr'>causas3</span> <span class='ocrx_word' id='word_1_148' title='bbox 1156 1649 1205 1707; x_wconf 91' lang='lat' dir='ltr'>ob·</span> <span class='ocrx_word' id='word_1_149' title='bbox 1293 1660 1294 1689; x_wconf 52' lang='grc' dir='ltr'>ι</span> 
     </span>
     <span class='ocr_line' id='line_1_18' title="bbox 206 1730 1294 1809; baseline -0.001 -18"><span class='ocrx_word' id='word_1_150' title='bbox 206 1749 311 1809; x_wconf 89' lang='lat' dir='ltr'>sequar</span> <span class='ocrx_word' id='word_1_151' title='bbox 333 1740 424 1790; x_wconf 92' lang='lat' dir='ltr'>tamen</span> <span class='ocrx_word' id='word_1_152' title='bbox 446 1730 568 1790; x_wconf 90' lang='lat' dir='ltr'>consilio</span> <span class='ocrx_word' id='word_1_153' title='bbox 583 1739 645 1806; x_wconf 88' lang='lat' dir='ltr'>tuo,</span> <span class='ocrx_word' id='word_1_154' title='bbox 663 1733 744 1790; x_wconf 91' lang='lat' dir='ltr'>cuius</span> <span class='ocrx_word' id='word_1_155' title='bbox 761 1730 828 1789; x_wconf 90' lang='lat' dir='ltr'>mibi</span> <span class='ocrx_word' id='word_1_156' title='bbox 849 1734 1003 1791; x_wconf 87' lang='lat' dir='ltr'>auctoritas</span> <span class='ocrx_word' id='word_1_157' title='bbox 1025 1748 1077 1808; x_wconf 90' lang='lat' dir='ltr'>pro</span> <span class='ocrx_word' id='word_1_158' title='bbox 1094 1734 1205 1790; x_wconf 89' lang='lat' dir='ltr'>ratione</span> <span class='ocrx_word' id='word_1_159' title='bbox 1293 1771 1294 1781; x_wconf 40' lang='grc' dir='ltr'>ι</span> 
     </span>
     <span class='ocr_line' id='line_1_19' title="bbox 206 1814 452 1874; baseline -0.004 0"><span class='ocrx_word' id='word_1_160' title='bbox 206 1815 338 1874; x_wconf 85' lang='lat' dir='ltr'>sufficiet.</span> <span class='ocrx_word' id='word_1_161' title='bbox 371 1814 452 1874; x_wconf 88' lang='lat' dir='ltr'>Vale.</span> 
     </span>
    </p>
   </div>
   <div class='ocr_carea' id='block_1_3' title="bbox 664 1947 755 2007">
    <p class='ocr_par' dir='ltr' id='par_1_3' title="bbox 664 1947 755 2007">
     <span class='ocr_line' id='line_1_20' title="bbox 664 1947 755 2007; baseline -0.011 -1"><span class='ocrx_word' id='word_1_162' title='bbox 664 1947 755 2007; x_wconf 90' lang='lat' dir='ltr'>Vllll.</span> 
     </span>
    </p>
   </div>
   <div class='ocr_carea' id='block_1_4' title="bbox 397 2045 1012 2101">
    <p class='ocr_par' dir='ltr' id='par_1_4' title="bbox 397 2045 1012 2101">
     <span class='ocr_line' id='line_1_21' title="bbox 397 2045 1012 2101; baseline 0.003 -4"><span class='ocrx_word' id='word_1_163' title='bbox 397 2046 717 2101; x_wconf 79' lang='lat' dir='ltr'>e.PL1o·1USn11Nt]T10</span> <span class='ocrx_word' id='word_1_164' title='bbox 736 2046 886 2097; x_wconf 77' lang='lat' dir='ltr'>Fuuunn&#39;o</span> <span class='ocrx_word' id='word_1_165' title='bbox 907 2045 965 2098; x_wconf 88' lang='lat' dir='ltr'>SUO</span> <span class='ocrx_word' id='word_1_166' title='bbox 986 2049 1012 2099; x_wconf 70' lang='lat' dir='ltr'>S.</span> 
     </span>
    </p>
   </div>
   <div class='ocr_carea' id='block_1_5' title="bbox 180 2147 1294 3564">
    <p class='ocr_par' dir='ltr' id='par_1_5' title="bbox 180 2147 1294 3564">
     <span class='ocr_line' id='line_1_22' title="bbox 182 2147 1221 2226; baseline 0 -19"><span class='ocrx_word' id='word_1_167' title='bbox 182 2164 196 2214; x_wconf 91' lang='lat'>1</span> <span class='ocrx_word' id='word_1_168' title='bbox 266 2147 367 2207; x_wconf 84' lang='lat' dir='ltr'>Mirum</span> <span class='ocrx_word' id='word_1_169' title='bbox 383 2159 427 2209; x_wconf 89' lang='lat' dir='ltr'>cst</span> <span class='ocrx_word' id='word_1_170' title='bbox 445 2167 527 2222; x_wconf 87' lang='lat' dir='ltr'>quam</span> <span class='ocrx_word' id='word_1_171' title='bbox 543 2149 663 2226; x_wconf 88' lang='lat' dir='ltr'>singulis</span> <span class='ocrx_word' id='word_1_172' title='bbox 685 2149 786 2210; x_wconf 90' lang='lat' dir='ltr'>diebus</span> <span class='ocrx_word' id='word_1_173' title='bbox 804 2151 831 2206; x_wconf 92' lang='lat' dir='ltr'>in</span> <span class='ocrx_word' id='word_1_174' title='bbox 851 2148 920 2208; x_wconf 92' lang='lat' dir='ltr'>urbe</span> <span class='ocrx_word' id='word_1_175' title='bbox 939 2152 1010 2208; x_wconf 88' lang='lat' dir='ltr'>ratio</span> <span class='ocrx_word' id='word_1_176' title='bbox 1032 2159 1079 2209; x_wconf 88' lang='lat' dir='ltr'>aut</span> <span class='ocrx_word' id='word_1_177' title='bbox 1094 2158 1221 2208; x_wconf 87' lang='lat' dir='ltr'>constet</span> 
     </span>
     <span class='ocr_line' id='line_1_23' title="bbox 182 2232 1206 2311; baseline -0.001 -21"><span class='ocrx_word' id='word_1_178' title='bbox 182 2241 252 2298; x_wconf 72' lang='lat' dir='ltr'>aaut</span> <span class='ocrx_word' id='word_1_179' title='bbox 269 2243 399 2294; x_wconf 89' lang='lat' dir='ltr'>constare</span> <span class='ocrx_word' id='word_1_180' title='bbox 414 2234 561 2309; x_wconf 81' lang='lat' dir='ltr'>videatur,</span> <span class='ocrx_word' id='word_1_181' title='bbox 584 2234 714 2311; x_wconf 92' lang='lat' dir='ltr'>pluribus</span> <span class='ocrx_word' id='word_1_182' title='bbox 732 2241 890 2308; x_wconf 89' lang='lat' dir='ltr'>cunctaque</span> <span class='ocrx_word' id='word_1_183' title='bbox 909 2250 965 2290; x_wconf 90' lang='lat' dir='ltr'>nou</span> <span class='ocrx_word' id='word_1_184' title='bbox 981 2241 1103 2291; x_wconf 92' lang='lat' dir='ltr'>constet.</span> <span class='ocrx_word' id='word_1_185' title='bbox 1135 2232 1206 2291; x_wconf 90' lang='lat' dir='ltr'>Nam</span> 
     </span>
     <span class='ocr_line' id='line_1_24' title="bbox 205 2311 1205 2396; baseline -0.003 -20"><span class='ocrx_word' id='word_1_186' title='bbox 205 2318 229 2376; x_wconf 89' lang='lat' dir='ltr'>si</span> <span class='ocrx_word' id='word_1_187' title='bbox 247 2336 331 2395; x_wconf 94' lang='lat' dir='ltr'>quem</span> <span class='ocrx_word' id='word_1_188' title='bbox 354 2320 516 2396; x_wconf 86' lang='lat' dir='ltr'>interroges</span> <span class='ocrx_word' id='word_1_189' title='bbox 532 2316 635 2377; x_wconf 72' lang='lat' dir='ltr'>‘bodie</span> <span class='ocrx_word' id='word_1_190' title='bbox 652 2317 719 2394; x_wconf 89' lang='lat' dir='ltr'>quid</span> <span class='ocrx_word' id='word_1_191' title='bbox 735 2311 872 2391; x_wconf 84' lang='lat' dir='ltr'>egisti&#39;l&#39;,</span> <span class='ocrx_word' id='word_1_192' title='bbox 894 2315 1067 2390; x_wconf 88' lang='lat' dir='ltr'>respondeat</span> <span class='ocrx_word' id='word_1_193' title='bbox 1091 2314 1205 2374; x_wconf 73' lang='lat' dir='ltr'>‘elficio</span> 
     </span>
     <span class='ocr_line' id='line_1_25' title="bbox 205 2395 1249 2477; baseline -0.003 -19"><span class='ocrx_word' id='word_1_194' title='bbox 205 2409 290 2476; x_wconf 89' lang='lat' dir='ltr'>togae</span> <span class='ocrx_word' id='word_1_195' title='bbox 307 2400 395 2460; x_wconf 88' lang='lat' dir='ltr'>virilis</span> <span class='ocrx_word' id='word_1_196' title='bbox 419 2401 532 2459; x_wconf 87' lang='lat' dir='ltr'>interlui</span> <span class='ocrx_word' id='word_1_197' title='bbox 541 2399 715 2477; x_wconf 88' lang='lat' dir='ltr'>,sponsalia</span> <span class='ocrx_word' id='word_1_198' title='bbox 736 2406 783 2456; x_wconf 89' lang='lat' dir='ltr'>aut</span> <span class='ocrx_word' id='word_1_199' title='bbox 804 2398 917 2472; x_wconf 86' lang='lat' dir='ltr'>nuptias</span> <span class='ocrx_word' id='word_1_200' title='bbox 935 2396 1132 2473; x_wconf 84' lang='lat' dir='ltr'>frequentavi,</span> <span class='ocrx_word' id='word_1_201' title='bbox 1155 2395 1249 2464; x_wconf 80' lang='lat' dir='ltr'>ille25</span> 
     </span>
     <span class='ocr_line' id='line_1_26' title="bbox 205 2477 1207 2559; baseline 0.002 -21"><span class='ocrx_word' id='word_1_202' title='bbox 205 2500 250 2540; x_wconf 90' lang='lat' dir='ltr'>me</span> <span class='ocrx_word' id='word_1_203' title='bbox 269 2483 303 2540; x_wconf 86' lang='lat' dir='ltr'>ad</span> <span class='ocrx_word' id='word_1_204' title='bbox 323 2483 490 2559; x_wconf 88' lang='lat' dir='ltr'>signandum</span> <span class='ocrx_word' id='word_1_205' title='bbox 506 2490 719 2555; x_wconf 88' lang='lat' dir='ltr'>testamentum,</span> <span class='ocrx_word' id='word_1_206' title='bbox 745 2479 840 2538; x_wconf 88' lang='lat' dir='ltr'>illem</span> <span class='ocrx_word' id='word_1_207' title='bbox 857 2477 1089 2558; x_wconf 78' lang='lat' dir='ltr'>advocationem,</span> <span class='ocrx_word' id='word_1_208' title='bbox 1111 2480 1207 2540; x_wconf 90' lang='lat' dir='ltr'>illem</span> 
     </span>
     <span class='ocr_line' id='line_1_27' title="bbox 180 2525 1294 2663; baseline 0 -40"><span class='ocrx_word' id='word_1_209' title='bbox 180 2564 507 2640; x_wconf 67' lang='lat' dir='ltr'>3consiliumrogavit3</span> <span class='ocrx_word' id='word_1_210' title='bbox 530 2563 607 2622; x_wconf 88' lang='lat' dir='ltr'>llaec</span> <span class='ocrx_word' id='word_1_211' title='bbox 630 2581 687 2663; x_wconf 82' lang='lat' dir='ltr'>quo</span> <span class='ocrx_word' id='word_1_212' title='bbox 704 2525 751 2622; x_wconf 90' lang='lat' dir='ltr'>die</span> <span class='ocrx_word' id='word_1_213' title='bbox 773 2561 878 2621; x_wconf 86' lang='lat' dir='ltr'>leceris</span> <span class='ocrx_word' id='word_1_214' title='bbox 900 2564 1075 2639; x_wconf 88' lang='lat' dir='ltr'>necessaria,</span> <span class='ocrx_word' id='word_1_215' title='bbox 1095 2563 1205 2662; x_wconf 82' lang='lat' dir='ltr'>eadem,</span> <span class='ocrx_word' id='word_1_216' title='bbox 1291 2603 1294 2658; x_wconf 76' lang='lat'>,</span> 
     </span>
     <span class='ocr_line' id='line_1_28' title="bbox 207 2645 1206 2725; baseline -0.004 -18"><span class='ocrx_word' id='word_1_217' title='bbox 207 2650 231 2707; x_wconf 93' lang='lat' dir='ltr'>si</span> <span class='ocrx_word' id='word_1_218' title='bbox 248 2649 352 2708; x_wconf 89' lang='lat' dir='ltr'>cotidie</span> <span class='ocrx_word' id='word_1_219' title='bbox 364 2648 470 2707; x_wconf 85' lang='lat' dir='ltr'>iecisse</span> <span class='ocrx_word' id='word_1_220' title='bbox 486 2656 515 2706; x_wconf 93' lang='lat' dir='ltr'>te</span> <span class='ocrx_word' id='word_1_221' title='bbox 529 2656 658 2724; x_wconf 88' lang='lat' dir='ltr'>reputes,</span> <span class='ocrx_word' id='word_1_222' title='bbox 677 2648 768 2706; x_wconf 91' lang='lat' dir='ltr'>inania</span> <span class='ocrx_word' id='word_1_223' title='bbox 779 2645 920 2721; x_wconf 87' lang='lat' dir='ltr'>videntur,</span> <span class='ocrx_word' id='word_1_224' title='bbox 936 2645 1127 2725; x_wconf 87' lang='lat' dir='ltr'>multomagis</span> <span class='ocrx_word' id='word_1_225' title='bbox 1142 2665 1206 2706; x_wconf 90' lang='lat' dir='ltr'>cum</span> 
     </span>
     <span class='ocr_line' id='line_1_29' title="bbox 205 2729 1294 2807; baseline -0.003 -16"><span class='ocrx_word' id='word_1_226' title='bbox 205 2733 376 2792; x_wconf 86' lang='lat' dir='ltr'>secesseris.</span> <span class='ocrx_word' id='word_1_227' title='bbox 399 2729 831 2791; x_wconf 86' lang='lat' dir='ltr'>Tuncenimsubitrecordatio</span> <span class='ocrx_word' id='word_1_228' title='bbox 849 2736 931 2807; x_wconf 93' lang='lat' dir='ltr'>quot</span> <span class='ocrx_word' id='word_1_229' title='bbox 947 2729 1009 2790; x_wconf 93' lang='lat' dir='ltr'>dies</span> <span class='ocrx_word' id='word_1_230' title='bbox 1027 2748 1109 2807; x_wconf 91' lang='lat' dir='ltr'>quam</span> <span class='ocrx_word' id='word_1_231' title='bbox 1126 2730 1204 2807; x_wconf 83' lang='lat' dir='ltr'>frigi·</span> <span class='ocrx_word' id='word_1_232' title='bbox 1293 2795 1294 2801; x_wconf 7' lang='grc' dir='ltr'>χ</span> 
     </span>
     <span class='ocr_line' id='line_1_30' title="bbox 180 2813 1250 2892; baseline 0.001 -18"><span class='ocrx_word' id='word_1_233' title='bbox 180 2815 251 2880; x_wconf 70' lang='lat' dir='ltr'>odis</span> <span class='ocrx_word' id='word_1_234' title='bbox 268 2816 354 2874; x_wconf 90' lang='lat' dir='ltr'>rebus</span> <span class='ocrx_word' id='word_1_235' title='bbox 371 2814 556 2892; x_wconf 63' lang='lat' dir='ltr'>absumpsilj‘</span> <span class='ocrx_word' id='word_1_236' title='bbox 558 2813 652 2887; x_wconf 87' lang='lat' dir='ltr'>Quod</span> <span class='ocrx_word' id='word_1_237' title='bbox 667 2816 763 2874; x_wconf 88' lang='lat' dir='ltr'>evenit</span> <span class='ocrx_word' id='word_1_238' title='bbox 777 2813 861 2890; x_wconf 90' lang='lat' dir='ltr'>mihi,</span> <span class='ocrx_word' id='word_1_239' title='bbox 877 2817 1051 2892; x_wconf 89' lang='lat' dir='ltr'>postquam</span> <span class='ocrx_word' id='word_1_240' title='bbox 1043 2833 1071 2873; x_wconf 87' lang='grc' dir='ltr'>ιιι</span> <span class='ocrx_word' id='word_1_241' title='bbox 1084 2813 1205 2874; x_wconf 87' lang='lat' dir='ltr'>Lauren·</span> <span class='ocrx_word' id='word_1_242' title='bbox 1213 2822 1250 2875; x_wconf 80' lang='lat'>30</span> 
     </span>
     <span class='ocr_line' id='line_1_31' title="bbox 205 2897 1205 2976; baseline -0.002 -18"><span class='ocrx_word' id='word_1_243' title='bbox 205 2901 265 2958; x_wconf 91' lang='lat' dir='ltr'>tino</span> <span class='ocrx_word' id='word_1_244' title='bbox 279 2915 344 2958; x_wconf 89' lang='lat' dir='ltr'>meo</span> <span class='ocrx_word' id='word_1_245' title='bbox 361 2907 409 2957; x_wconf 89' lang='lat' dir='ltr'>aut</span> <span class='ocrx_word' id='word_1_246' title='bbox 431 2897 499 2974; x_wconf 91' lang='lat' dir='ltr'>lego</span> <span class='ocrx_word' id='word_1_247' title='bbox 520 2897 626 2975; x_wconf 88' lang='lat' dir='ltr'>aliquid</span> <span class='ocrx_word' id='word_1_248' title='bbox 645 2908 692 2958; x_wconf 89' lang='lat' dir='ltr'>aut</span> <span class='ocrx_word' id='word_1_249' title='bbox 712 2898 809 2958; x_wconf 91' lang='lat' dir='ltr'>scribo</span> <span class='ocrx_word' id='word_1_250' title='bbox 826 2899 972 2957; x_wconf 88' lang='lat' dir='ltr'>autetiam</span> <span class='ocrx_word' id='word_1_251' title='bbox 992 2900 1107 2976; x_wconf 91' lang='lat' dir='ltr'>corpori</span> <span class='ocrx_word' id='word_1_252' title='bbox 1121 2915 1205 2974; x_wconf 88' lang='lat' dir='ltr'>vaco,</span> 
     </span>
     <span class='ocr_line' id='line_1_32' title="bbox 181 2981 1205 3060; baseline 0 -20"><span class='ocrx_word' id='word_1_253' title='bbox 181 2985 289 3047; x_wconf 77' lang='lat' dir='ltr'>aculus</span> <span class='ocrx_word' id='word_1_254' title='bbox 313 2981 425 3041; x_wconf 89' lang='lat' dir='ltr'>iulturis</span> <span class='ocrx_word' id='word_1_255' title='bbox 446 2983 553 3042; x_wconf 87' lang='lat' dir='ltr'>animus</span> <span class='ocrx_word' id='word_1_256' title='bbox 576 2985 741 3043; x_wconf 89' lang='lat' dir='ltr'>sustinetur.</span> <span class='ocrx_word' id='word_1_257' title='bbox 772 2981 850 3041; x_wconf 90' lang='lat' dir='ltr'>Nihil</span> <span class='ocrx_word' id='word_1_258' title='bbox 871 2982 956 3042; x_wconf 90' lang='lat' dir='ltr'>audio</span> <span class='ocrx_word' id='word_1_259' title='bbox 977 2982 1054 3060; x_wconf 93' lang='lat' dir='ltr'>quod</span> <span class='ocrx_word' id='word_1_260' title='bbox 1078 2981 1205 3057; x_wconf 85' lang='lat' dir='ltr'>audisse,</span> 
     </span>
     <span class='ocr_line' id='line_1_33' title="bbox 205 3064 1257 3144; baseline -0.003 -20"><span class='ocrx_word' id='word_1_261' title='bbox 205 3064 275 3131; x_wconf 87' lang='lat' dir='ltr'>nibil</span> <span class='ocrx_word' id='word_1_262' title='bbox 295 3065 360 3125; x_wconf 92' lang='lat' dir='ltr'>dico</span> <span class='ocrx_word' id='word_1_263' title='bbox 378 3064 454 3143; x_wconf 93' lang='lat' dir='ltr'>quod</span> <span class='ocrx_word' id='word_1_264' title='bbox 475 3066 581 3126; x_wconf 82' lang='lat' dir='ltr'>dixisse</span> <span class='ocrx_word' id='word_1_265' title='bbox 597 3069 755 3144; x_wconf 90' lang='lat' dir='ltr'>paeniteat:</span> <span class='ocrx_word' id='word_1_266' title='bbox 777 3084 861 3125; x_wconf 92' lang='lat' dir='ltr'>nemo</span> <span class='ocrx_word' id='word_1_267' title='bbox 881 3066 956 3144; x_wconf 91' lang='lat' dir='ltr'>apud</span> <span class='ocrx_word' id='word_1_268' title='bbox 976 3084 1022 3126; x_wconf 90' lang='lat' dir='ltr'>me</span> <span class='ocrx_word' id='word_1_269' title='bbox 1038 3083 1207 3143; x_wconf 90' lang='lat' dir='ltr'>quemquam</span> <span class='ocrx_word' id='word_1_270' title='bbox 1254 3092 1257 3097; x_wconf 21' lang='grc' dir='ltr'><strong>Δ</strong></span> 
     </span>
     <span class='ocr_line' id='line_1_34' title="bbox 206 3145 1205 3228; baseline -0.004 -18"><span class='ocrx_word' id='word_1_271' title='bbox 206 3145 329 3211; x_wconf 75' lang='lat' dir='ltr'>sinistris</span> <span class='ocrx_word' id='word_1_272' title='bbox 351 3150 531 3210; x_wconf 89' lang='lat' dir='ltr'>sermonibus</span> <span class='ocrx_word' id='word_1_273' title='bbox 549 3154 656 3228; x_wconf 90' lang='lat' dir='ltr'>carpit,</span> <span class='ocrx_word' id='word_1_274' title='bbox 678 3154 819 3210; x_wconf 90' lang='lat' dir='ltr'>neminem</span> <span class='ocrx_word' id='word_1_275' title='bbox 840 3153 906 3227; x_wconf 91' lang='lat' dir='ltr'>ipse</span> <span class='ocrx_word' id='word_1_276' title='bbox 929 3149 1127 3226; x_wconf 90' lang='lat' dir='ltr'>reprebendo,</span> <span class='ocrx_word' id='word_1_277' title='bbox 1149 3150 1205 3207; x_wconf 90' lang='lat' dir='ltr'>uisi</span> 
     </span>
     <span class='ocr_line' id='line_1_35' title="bbox 206 3232 1250 3312; baseline 0 -19"><span class='ocrx_word' id='word_1_278' title='bbox 206 3242 298 3293; x_wconf 92' lang='lat' dir='ltr'>tamen</span> <span class='ocrx_word' id='word_1_279' title='bbox 309 3251 366 3310; x_wconf 92' lang='lat' dir='ltr'>me,</span> <span class='ocrx_word' id='word_1_280' title='bbox 380 3251 444 3292; x_wconf 92' lang='lat' dir='ltr'>cum</span> <span class='ocrx_word' id='word_1_281' title='bbox 456 3251 553 3312; x_wconf 90' lang='lat' dir='ltr'>parum</span> <span class='ocrx_word' id='word_1_282' title='bbox 566 3235 714 3295; x_wconf 91' lang='lat' dir='ltr'>commode</span> <span class='ocrx_word' id='word_1_283' title='bbox 725 3235 837 3302; x_wconf 90' lang='lat' dir='ltr'>scribo;</span> <span class='ocrx_word' id='word_1_284' title='bbox 853 3233 929 3294; x_wconf 88' lang='lat' dir='ltr'>nulla</span> <span class='ocrx_word' id='word_1_285' title='bbox 939 3251 1003 3310; x_wconf 94' lang='lat' dir='ltr'>spe,</span> <span class='ocrx_word' id='word_1_286' title='bbox 1014 3232 1093 3291; x_wconf 92' lang='lat' dir='ltr'>nullo</span> <span class='ocrx_word' id='word_1_287' title='bbox 1102 3234 1204 3290; x_wconf 89' lang='lat' dir='ltr'>timore</span> <span class='ocrx_word' id='word_1_288' title='bbox 1214 3239 1250 3293; x_wconf 79' lang='lat'>35</span> 
     </span>
     <span class='ocr_line' id='line_1_36' title="bbox 206 3317 1205 3396; baseline -0.007 -20"><span class='ocrx_word' id='word_1_289' title='bbox 206 3317 359 3392; x_wconf 91' lang='lat' dir='ltr'>sollicitor,</span> <span class='ocrx_word' id='word_1_290' title='bbox 376 3317 462 3378; x_wconf 90' lang='lat' dir='ltr'>nullis</span> <span class='ocrx_word' id='word_1_291' title='bbox 476 3319 636 3378; x_wconf 91' lang='lat' dir='ltr'>rumoribus</span> <span class='ocrx_word' id='word_1_292' title='bbox 653 3320 813 3396; x_wconf 90' lang='lat' dir='ltr'>inquietor:</span> <span class='ocrx_word' id='word_1_293' title='bbox 836 3335 947 3378; x_wconf 91' lang='lat' dir='ltr'>mecum</span> <span class='ocrx_word' id='word_1_294' title='bbox 967 3325 1071 3375; x_wconf 89' lang='lat' dir='ltr'>tantum</span> <span class='ocrx_word' id='word_1_295' title='bbox 1090 3323 1120 3373; x_wconf 89' lang='lat' dir='ltr'>et</span> <span class='ocrx_word' id='word_1_296' title='bbox 1141 3331 1205 3370; x_wconf 92' lang='lat' dir='ltr'>cum</span> 
     </span>
     <span class='ocr_line' id='line_1_37' title="bbox 182 3396 1205 3480; baseline -0.008 -18"><span class='ocrx_word' id='word_1_297' title='bbox 182 3399 314 3462; x_wconf 85' lang='lat' dir='ltr'>iilibellis</span> <span class='ocrx_word' id='word_1_298' title='bbox 331 3400 444 3479; x_wconf 92' lang='lat' dir='ltr'>loquor.</span> <span class='ocrx_word' id='word_1_299' title='bbox 483 3401 507 3462; x_wconf 85' lang='grc' dir='ltr'><strong>Ο</strong></span> <span class='ocrx_word' id='word_1_300' title='bbox 523 3411 629 3462; x_wconf 89' lang='lat' dir='ltr'>rectam</span> <span class='ocrx_word' id='word_1_301' title='bbox 645 3403 842 3480; x_wconf 88' lang='lat' dir='ltr'>sinceramque</span> <span class='ocrx_word' id='word_1_302' title='bbox 859 3404 961 3477; x_wconf 88' lang='lat' dir='ltr'>vitam,</span> <span class='ocrx_word' id='word_1_303' title='bbox 983 3396 1100 3457; x_wconf 91' lang='lat' dir='ltr'>odulce</span> <span class='ocrx_word' id='word_1_304' title='bbox 1116 3398 1205 3455; x_wconf 88' lang='lat' dir='ltr'>otium</span> 
     </span>
     <span class='ocr_line' id='line_1_38' title="bbox 205 3479 1205 3564; baseline -0.003 -22"><span class='ocrx_word' id='word_1_305' title='bbox 205 3483 414 3564; x_wconf 87' lang='lat' dir='ltr'>honestumque</span> <span class='ocrx_word' id='word_1_306' title='bbox 426 3503 459 3545; x_wconf 91' lang='lat' dir='ltr'>ac</span> <span class='ocrx_word' id='word_1_307' title='bbox 475 3503 566 3562; x_wconf 89' lang='lat' dir='ltr'>paene</span> <span class='ocrx_word' id='word_1_308' title='bbox 581 3488 655 3545; x_wconf 91' lang='lat' dir='ltr'>omni</span> <span class='ocrx_word' id='word_1_309' title='bbox 669 3488 786 3564; x_wconf 88' lang='lat' dir='ltr'>negotio</span> <span class='ocrx_word' id='word_1_310' title='bbox 801 3485 962 3564; x_wconf 90' lang='lat' dir='ltr'>pulchrius!</span> <span class='ocrx_word' id='word_1_311' title='bbox 987 3481 1118 3558; x_wconf 89' lang='lat' dir='ltr'>Omare,</span> <span class='ocrx_word' id='word_1_312' title='bbox 1137 3497 1154 3538; x_wconf 93' lang='lat' dir='ltr'>o</span> <span class='ocrx_word' id='word_1_313' title='bbox 1170 3479 1205 3539; x_wconf 92' lang='lat' dir='ltr'>li-</span> 
     </span>
    </p>
   </div>
   <div class='ocr_carea' id='block_1_6' title="bbox 1293 2175 1296 2875">
    <p class='ocr_par' dir='ltr' id='par_1_6' title="bbox 1293 2175 1296 2875">
     <span class='ocr_line' id='line_1_39' title="bbox 1293 2175 1296 2875; baseline 0 0"><span class='ocrx_word' id='word_1_314' title='bbox 1293 2175 1296 2875; x_wconf 95' lang='lat' dir='ltr'> </span> 
     </span>
    </p>
   </div>
   <div class='ocr_carea' id='block_1_7' title="bbox 0 0 1298 4116">
    <p class='ocr_par' dir='ltr' id='par_1_7' title="bbox 0 0 1298 4116">
     <span class='ocr_line' id='line_1_40' title="bbox 0 0 1298 4116; baseline 0 2"><span class='ocrx_word' id='word_1_315' title='bbox 0 0 1298 4116; x_wconf 95' lang='lat' dir='ltr'> </span> 
     </span>
    </p>
   </div>
  </div>
 </body>
</html>
