2588 4116
218 244 281 307 250
638 240 670 302 0.
694 240 791 303 PblNl
837 263 844 279 ¹

217 399 257 457 ris
277 397 399 457 adventu
419 396 578 474 legatorum
599 393 720 471 dignitas
741 393 920 453 inumbratur.
960 391 1002 451 Tu
1024 403 1122 454 tamen
1138 396 1227 456 maior

219 482 347 541 omnibus
363 479 478 559 quidem
493 497 573 555 cras,
591 479 642 540 sed
657 480 718 538 sine
733 477 818 538 ullius
834 477 1025 537 deminutione
1036 479 1145 538 maior:
1164 499 1227 540 ean-

220 565 284 625 dem
299 566 494 625 auctoritatem
509 571 661 640 praesente
682 570 712 621 te
734 563 856 639 quisque
878 578 960 638 quam
980 562 1103 622 absente
1119 566 1226 625 retinc-

219 650 280 715 bat;
308 651 374 726 quin
397 650 480 708 etiam
495 646 641 725 plerisque
657 663 694 704 ex
709 661 744 704 eo
759 647 920 704 reverentia
934 655 1120 723 accesserat,
1152 647 1227 726 quod

219 742 248 791 tu
266 749 381 810 quoque
396 730 463 791 illos
478 729 659 791 reverebare.
683 728 781 806 ltaque
796 727 915 807 perinde
931 731 1048 789 summis
1064 739 1157 808 atque
1168 733 1252 791 inii-5

217 817 272 874 mis
287 832 380 891 carus,
397 816 438 872 sic
451 815 649 891 imperatorem
664 811 939 889 commilitonemque
954 813 1113 873 miscueras
1127 824 1160 874 ut
1172 825 1226 874 stu·

220 899 294 958 dium
316 899 436 957 omnium
456 895 644 973 laboremque
662 905 691 955 et
708 905 847 972 tamquam
868 905 985 955 exactor
1004 897 1177 958 intenderes
1200 909 1226 958 et

218 991 359 1057 tamquam
375 981 520 1058 particeps
536 981 688 1057 sociusque
702 979 857 1040 relevares.
890 979 1004 1040 Felices
1019 979 1090 1040 illos
1105 1000 1226 1060 quorum

219 1064 289 1123 fides
306 1073 335 1123 ct
349 1063 485 1123 industria
501 1080 556 1122 non
570 1080 623 1141 per
644 1065 829 1123 internuntios
852 1072 880 1122 et
900 1065 1092 1143 interpretes,
1122 1066 1178 1126 sed
1193 1067 1225 1127 ab

218 1151 283 1224 ipso
301 1155 347 1223 te,
373 1165 427 1206 uec
444 1146 625 1205 auribustuis
646 1146 698 1204 sed
714 1147 806 1207 oculis
821 1147 1025 1225 probabantur!
1064 1147 1224 1209 Consecuti
1234 1157 1259 1209 lt
1293 1207 1294 1212 ,

220 1239 283 1290 sunt
303 1240 335 1289 ut
355 1230 459 1290 absens
482 1247 597 1308 quoque
621 1229 656 1288 de
676 1230 841 1290 absentibus
857 1233 959 1290 nemini
980 1232 1071 1308 magis
1094 1251 1181 1310 quam
1195 1235 1226 1292 ti·
1293 1254 1294 1257 ¹

166 1315 209 1379 20
221 1316 247 1375 bi
268 1315 412 1374 crederes.
457 1314 515 1373 lam
536 1324 565 1373 te
581 1315 684 1374 civium
706 1313 845 1373 desideria
868 1315 1059 1392 revocabant,
1087 1334 1225 1378 amorem·

219 1418 275 1477 que
298 1408 452 1459 castrorum
473 1398 626 1476 superabat
646 1398 746 1458 caritas
763 1398 879 1475 patriae.
915 1398 974 1458 lter
993 1397 1060 1459 inde
1082 1399 1224 1478 placidum

217 1502 251 1542 ac
266 1481 425 1542 modestum
440 1490 469 1540 et
484 1482 567 1560 plane
583 1500 598 1540 a
614 1499 686 1558 pace
700 1481 855 1541 redeuntis.
881 1480 944 1542 Nec
958 1497 1030 1541 vero
1048 1501 1107 1560 ego
1124 1486 1155 1544 in
1168 1484 1223 1544 lnu·
1293 1520 1294 1535 .

217 1567 298 1626 dibus
320 1568 375 1624 tuis
397 1582 498 1643 ponam
519 1564 595 1641 quod
616 1564 766 1624 adventum
787 1575 864 1624 tuum
884 1582 939 1624 non
960 1573 1043 1643 pater
1060 1569 1256 1646 quisquam,lt
1292 1537 1294 1620 l

216 1667 272 1709 non
286 1651 400 1707 maritus
416 1649 544 1726 expavit:
560 1646 700 1707 adfectata
712 1649 774 1708 aliis
787 1649 917 1726 castitas,
933 1649 983 1708 tibi
998 1650 1128 1726 ingenita
1142 1660 1173 1712 et
1184 1654 1221 1711 in·

216 1741 295 1807 nata,
311 1734 441 1808 interque
458 1748 578 1808 eaquae
598 1733 726 1807 inputare
742 1750 798 1792 non
814 1733 920 1810 possis.
941 1731 1044 1793 Nullus
1060 1735 1089 1793 in
1104 1737 1219 1813 exigen-

218 1817 260 1874 dis
275 1813 414 1873 vehiculis
430 1815 582 1891 tumultus,
598 1813 703 1874 nullum
718 1817 794 1876 circa
807 1816 928 1894 hospitia
942 1816 1099 1886 fastidium
1115 1836 1219 1879 annona

218 1914 290 1974 quae
311 1898 429 1966 ceteris;
455 1898 490 1957 ad
510 1899 566 1958 hoc
589 1900 736 1959 comitatus
757 1900 904 1959 adcinctus
919 1909 948 1959 et
963 1917 1080 1978 parcus:
1108 1901 1218 1962 diceres

216 1998 346 2057 magnum
360 1982 483 2059 aliquem
499 1983 616 2059 ducem,
637 2001 671 2042 ac
692 1992 720 2042 te
737 1985 929 2061 potissimum,
950 1984 986 2043 ad
1002 1987 1151 2046 exercitus
1165 1987 1254 2045 ire:b⁰

216 2063 288 2123 adeo
304 2065 372 2124 nihil
393 2075 440 2125 aut
461 2077 540 2127 certe
556 2085 653 2145 parurn
667 2068 802 2126 intererat
816 2070 889 2127 inter
901 2069 1102 2144 imperatorem
1117 2069 1217 2129 luctum
1281 2075 1288 2187 p

217 2157 246 2213 et
261 2148 392 2208 luturmn.
418 2149 508 2222 Quam
523 2150 666 2210 dissimilis
681 2167 772 2227 nuper
787 2149 903 2210 alterius
920 2153 1057 2230 principis
1072 2151 1217 2213 transitus!
1281 2192 1286 2217 ,

216 2234 241 2290 si
257 2241 349 2292 tamen
363 2236 496 2295 transitus
513 2234 579 2311 ille,
595 2251 651 2293 non
662 2233 809 2312 populatio
828 2234 895 2310 luit,
913 2253 977 2293 cum
991 2237 1109 2296 abactus
1124 2236 1219 2314 bospi·
1282 2246 1286 2277 ²

216 2325 273 2374 tum
297 2325 463 2394 exerceret,
488 2319 636 2395 omniaque
658 2316 756 2376 dextra
778 2317 916 2395 laevaque
933 2327 1049 2397 perusta
1065 2328 1095 2378 et
1116 2322 1218 2395 attrita,
1277 2352 1280 2357 ·

215 2409 245 2458 ut
267 2401 290 2458 si
312 2402 355 2460 vis
377 2400 470 2477 aliqua
491 2401 538 2460 vel
559 2402 614 2479 ipsi
634 2399 675 2459 illi
691 2401 801 2460 barbari
817 2419 890 2478 quos
905 2401 1032 2479 fugiebat
1048 2402 1252 2467 inciderentli
1287 2432 1289 2443 ·

214 2482 443 2541 Persuadendurn
460 2486 614 2561 provinciis
630 2492 691 2543 erat
706 2483 775 2556 illud
797 2486 851 2543 iter
870 2485 1021 2545 Domitiani
1040 2484 1146 2563 luisse,
1164 2504 1220 2547 non

215 2565 361 2641 principis.
398 2564 496 2641 ltaque
519 2584 575 2625 non
597 2574 652 2625 tam
673 2583 726 2643 pro
747 2576 794 2626 tua
814 2567 905 2644 gloria
927 2587 1008 2648 quarn
1028 2586 1081 2647 pro
1097 2571 1219 2632 utilitate

214 2648 354 2705 communi
375 2646 471 2706 edicto
493 2649 641 2708 subiecisti
657 2649 723 2725 quid
737 2652 765 2709 in
780 2661 930 2731 utrumque
944 2663 1070 2713 vestrum
1084 2664 1166 2715 esset
1180 2656 1218 2713 irr-

213 2745 342 2806 pensum.
377 2729 538 2790 Adsuescat
559 2733 712 2809 imperator
726 2751 789 2793 cum
803 2737 922 2814 imperio
938 2736 1077 2796 calculum
1092 2755 1217 2815 ponere:
1280 2770 1283 2813 Ι

213 2815 255 2871 sic
271 2821 371 2888 exeat,
400 2814 443 2873 sic
457 2814 573 2891 redeat,
602 2826 741 2895 tamquam
761 2821 898 2878 rationem
918 2819 1094 2888 redditurus;
1125 2822 1250 2882 edicattt
1279 2818 1294 2897 l.

214 2894 280 2972 quid
295 2895 493 2975 absumpserit.
521 2899 562 2958 lta
578 2901 626 2960 liet
638 2910 668 2959 ut
683 2918 739 2961 non
755 2903 884 2962 absumat
899 2903 975 2980 quod
990 2903 1096 2981 pudeat
1110 2905 1215 2965 dicere.
1278 2938 1284 2993 p

212 2979 363 3039 Praeterea
385 2981 469 3041 luturi
490 2985 653 3063 principes,
677 2984 765 3045 velint
786 2986 892 3064 nolint,
913 2988 1004 3047 sciant
1018 2986 1100 3046 Tanti
1117 2988 1215 3065 [tuum]

212 3072 341 3141 constat,
367 3069 583 3146 propositisque
605 3067 715 3128 duobus
741 3070 880 3148 exemplis
901 3072 1078 3131 meminerint
1098 3070 1218 3150 perinde

212 3149 402 3210 coniecturam
418 3151 454 3211 de
469 3153 594 3212 moribus
611 3154 669 3211 suis
683 3151 812 3212 homines
825 3171 891 3214 esse
904 3153 1047 3229 tacturos,
1063 3165 1152 3232 prout
1163 3156 1218 3214 hoc

210 3233 256 3291 vel
272 3232 341 3292 illud
356 3234 507 3311 elegerint.
1226 3242 1255 3299 bb

159 3310 199 3372 21
273 3315 374 3376 Nonne
390 3318 434 3378 his
449 3327 490 3377 tot
505 3320 644 3396 tantisque
657 3320 764 3379 meritis
780 3338 871 3382 novos
887 3320 998 3399 aliquos
1009 3321 1154 3398 honores,
1170 3340 1219 3382 no·

210 3415 262 3456 vos
283 3400 381 3460 titulos
405 3399 574 3461 merebere?
601 3404 639 3462 At
661 3413 690 3462 tu
712 3405 796 3463 ctiam
818 3406 905 3483 patris
924 3407 1031 3482 patriae
1051 3407 1218 3467 recusabas.

28 3560 31 3565 Ι
211 3479 300 3551 Quam
320 3482 405 3560 longa
427 3485 510 3544 nobis
526 3504 588 3544 cum
602 3485 741 3546 modestia
759 3497 806 3546 tua
822 3487 931 3565 pugna!
959 3506 1041 3566 quam
1055 3488 1137 3548 tarde
1151 3488 1241 3549 vici-⁴
