2588 4116
391 212 655 307 ErlsTULARUM
671 214 734 275 Vll.
756 227 860 281 1o.11.
1070 217 1134 283 139

606 365 642 424 Χ.

398 462 425 516 G.
445 462 571 513 PLINIUS
588 463 733 514 MACRINO
753 463 813 514 SUO
833 463 859 516 S.

190 579 262 654 Quia
282 582 363 659 ipse,
391 598 456 639 cum
478 583 566 658 prima
587 582 726 659 cognovi,
752 583 872 660 iungere
899 593 1025 644 extrema
1051 587 1131 661 quasi
1139 601 1152 650 1

123 664 224 725 avulsa
238 666 340 741 cupio,
364 673 393 722 te
411 681 525 742 quoque
542 666 672 725 existimo
686 663 763 724 velle
779 665 815 726 de
830 666 942 726 Vareno
959 677 987 727 et
1001 667 1131 742 Bithynis

95 747 236 825 5reliqua
251 763 441 823 cognoscere.
461 748 534 808 Acta
547 766 631 808 causa
640 748 706 807 hinc
716 766 732 806 a
743 748 899 828 Polyaeno,
911 749 976 809 inde
989 748 1129 827 allaguo.

123 828 226 891 Finitls
249 830 408 890 actionibus
427 827 533 891 Caesar
554 836 676 891 ‘neutra’
698 832 796 909 inquid
818 838 896 910 ‘pars
912 834 948 893 de
966 850 1045 892 mora
1062 847 1156 910 que-2

121 923 217 973 retur:
240 916 293 973 erit
310 914 376 972 mihi
402 932 485 974 curae
501 915 652 993 explorare
664 918 828 994 provinciae
840 917 1037 977 voluntatem?
1057 916 1157 983 Mul-3

121 1006 183 1057 turn
197 998 308 1056 interim
323 997 451 1057 Varenus
467 997 539 1056 tulit.
563 997 677 1058 Etenim
692 1017 774 1076 quam
789 999 903 1059 dubium
918 1009 1012 1060 eston
1028 1003 1129 1060 merito

123 1090 278 1140 accusetur
289 1082 338 1157 qui
351 1099 386 1138 an
404 1082 515 1140 omnino
531 1091 683 1141 accusetur
696 1083 834 1143 incertum
850 1080 916 1145 est?
939 1083 1078 1161 Superest
1094 1102 1131 1142 ne

88 1176 221 1226 lorursus
238 1165 403 1241 provinciae
425 1163 501 1242 quod
517 1163 663 1224 damnasse
685 1165 786 1224 dicitur
801 1166 912 1245 placeat
928 1177 1049 1244 agatque
1062 1185 1129 1245 pae-

122 1248 267 1306 nitentiam
285 1247 475 1325 paenitentiae
490 1264 568 1306 suae.
598 1246 680 1306 Vale.

600 1396 652 1458 Xl.

306 1494 332 1543 c.
350 1495 476 1546 rasurus
490 1496 619 1547 anenno
638 1494 825 1545 Pnosoonno
842 1494 901 1545 suo
921 1494 946 1547 S.

88 1636 116 1687 [5
184 1611 294 1673 llliraris
315 1612 392 1691 quod
413 1613 551 1691 Hermes,
573 1613 693 1674 libertus
715 1632 814 1690 meus,
835 1613 1023 1674 hereditarios
1044 1626 1153 1689 agrosl

125 1714 198 1775 quos
216 1713 272 1772 ego
290 1698 428 1756 iusseram
442 1699 584 1776 proscribi
599 1715 655 1756 non
671 1707 839 1775 exspectata
852 1701 984 1758 auctione
996 1712 1048 1775 pro
1063 1714 1128 1757 meo

124 1780 285 1857 quincunce
302 1799 338 1839 ex
352 1782 541 1859 septingentis
561 1781 676 1841 milibus
693 1778 835 1840 Corelliae
852 1781 999 1842 addixerit.
1030 1779 1128 1840 Adicis

123 1862 178 1923 hos
200 1866 350 1940 nongentis
365 1864 477 1925 milibus
493 1882 583 1943 posse
601 1867 700 1924 venire
717 1883 750 1924 ac
767 1874 843 1925 tanto
858 1869 947 1942 magis
965 1865 1078 1944 quaeris
1093 1881 1128 1923 arr

124 1945 202 2025 quod
217 1947 310 2022 gessit
324 1956 412 2004 ratum
425 1965 547 2006 servem.
570 1946 634 2023 Ego
649 1965 719 2007 vero
735 1965 835 2007 servo:
855 1950 957 2026 quibus
971 1967 1008 2008 ex
1024 1949 1155 2023 cassisa
1260 1992 1266 2005 .

88 2031 236 2107 reaccipe.
261 2026 353 2106 Cupio
371 2032 444 2088 enim
460 2039 489 2088 et
503 2030 554 2089 tibi
571 2030 718 2105 probatum
737 2039 765 2089 et
783 2025 973 2090 coheredibus
990 2033 1061 2089 meis
1079 2049 1128 2088 ex·

124 2121 254 2173 cusatum
269 2129 336 2170 esse
354 2111 430 2187 quod
448 2128 494 2170 me
518 2111 553 2169 ab
567 2109 623 2171 illis
638 2114 744 2170 maiore
757 2112 853 2172 cilicio
864 2113 980 2172 iubente
995 2128 1127 2172 secerno.

124 2192 279 2255 Corelliam
298 2212 361 2252 oum
377 2211 484 2254 summa
498 2196 658 2253 reverentia
680 2193 785 2271 diligo,
810 2196 928 2272 primum
951 2205 981 2254 ut
1002 2204 1155 2257 sororem3

124 2277 235 2338 Corelli
258 2277 337 2352 Rus,
361 2279 441 2337 ouius
456 2278 522 2336 mihi
537 2279 672 2337 memoria
690 2285 872 2337 sacrosancta
892 2287 955 2354 est,
977 2277 1079 2337 deinde
1098 2287 1130 2336 ut

124 2364 205 2421 matri
227 2379 308 2421 meae
328 2360 580 2422 familiarissimam.
611 2362 682 2420 Sunt
703 2361 770 2419 mihi
794 2370 823 2421 et
848 2379 913 2420 cum
932 2363 1031 2420 marito
1054 2361 1154 2435 eius‚4

88 2444 239 2508 tollinicio
260 2443 356 2523 lusto,
382 2447 489 2523 optimo
503 2447 583 2522 viro,
610 2456 710 2505 vetera
724 2446 797 2514 iura;
823 2444 936 2505 luerunt
948 2453 977 2504 et
992 2461 1056 2503 cum
1071 2443 1129 2502 lilio

124 2530 261 2603 maxima,
283 2527 355 2586 adeo
376 2528 490 2605 quidem
511 2539 541 2589 ut
556 2538 691 2608 praetore
706 2547 751 2587 me
766 2528 840 2587 ludis
855 2530 928 2589 meis
943 2526 1129 2606 praesederit.

123 2609 215 2686 llaec,
236 2627 300 2667 cum
315 2613 441 2686 proxime
457 2613 523 2672 istic
539 2611 597 2690 fui,
620 2613 752 2673 indicavit
767 2613 835 2671 mihi
850 2631 958 2692 cupere
974 2629 1007 2671 se
1023 2610 1150 2689 aliquid5

125 2695 203 2754 circa
228 2691 337 2750 Larium
358 2703 485 2753 nostrum
505 2695 667 2772 possidere.
699 2696 764 2772 Ego
784 2695 826 2755 illi
851 2715 888 2756 ex
908 2695 1033 2774 praediis
1056 2697 1128 2754 meis

125 2775 202 2855 quod
216 2775 305 2835 vellet
319 2783 348 2834 et
363 2778 457 2854 quanti
472 2777 562 2837 vellet
576 2778 677 2856 obtuli,
695 2783 827 2858 exceptis
842 2782 975 2841 maternis
989 2780 1128 2857 paternis·

88 2875 198 2939 reque:
224 2858 269 2920 his
291 2861 365 2918 euim
387 2860 493 2920 cedere
517 2879 554 2920 ne
578 2860 721 2922 Corelliae
745 2862 858 2939 quidem
879 2880 1007 2942 possum.
1040 2861 1155 2939 Igiturb

126 2961 190 3003 cum
211 2943 377 3003 obvenisset
396 2944 462 3002 mihi
483 2944 627 3005 hereditas
649 2947 676 3004 in
697 2963 751 3023 qua
768 2946 963 3024 praecinisse,
978 2948 1082 3023 scripsi
1101 2947 1128 3004 ei

125 3025 236 3086 venalia
253 3026 355 3086 lutura.
387 3026 444 3087 llas
459 3027 595 3106 epistulas
612 3027 732 3089 Hermes
752 3029 814 3090 tulit
829 3032 1014 3107 exigentique
1028 3038 1058 3087 ut
1073 3038 1129 3088 sta·

126 3113 176 3169 tim
191 3111 351 3186 portionem
372 3128 462 3170 meam
483 3110 537 3170 sibi
552 3110 698 3172 addiceret
713 3115 813 3189 paruit.
838 3112 927 3174 Vides
941 3129 1024 3189 quam
1040 3120 1129 3169 ratum

124 3192 231 3253 habere
246 3191 366 3254 debeam
381 3192 457 3271 quod
471 3193 591 3254 libertus
610 3213 691 3255 meus
709 3198 780 3256 meis
798 3196 925 3256 moribus
940 3189 1053 3270 gessit?
1075 3193 1152 3253 Su?

88 3285 225 3355 btperest
246 3286 276 3336 ut
295 3277 454 3337 coheredes
474 3294 567 3354 aequo
587 3280 678 3338 animo
694 3278 786 3340 ierant
803 3278 955 3355 separatim
968 3293 1014 3334 me
1030 3274 1128 3334 vendi-

127 3360 203 3420 disse
220 3359 296 3437 quod
311 3360 380 3419 mihi
394 3359 474 3420 licuit
486 3363 598 3420 omnino
613 3379 670 3421 non
685 3360 821 3421 vendere.
853 3360 915 3420 Nec
935 3376 1005 3418 vero
1021 3375 1129 3436 cogun-

127 3452 172 3502 tur
188 3445 288 3506 imitari
308 3461 401 3504 meum
424 3442 595 3522 exemplum.
626 3443 690 3503 Non
713 3447 787 3504 enirn
806 3442 864 3504 illis
880 3442 980 3505 eadem
995 3459 1058 3503 cum
1074 3441 1156 3504 Go-8

1137 3712 1282 3872 r-
