2588 4116
335 166 339 173 ’
444 193 709 256 rnnauumcus
731 204 870 260 9.10.11.
1095 192 1156 260 245

147 344 203 408 tri?
225 346 280 407 Ubi
296 346 398 407 deinde
415 344 586 425 disciplina?
602 346 648 405 ubi
660 363 721 405 mos
734 365 749 406 a
761 347 913 407 maioribus
925 346 1052 425 traditus,
1067 348 1156 427 quod·

148 448 270 510 cumque
285 432 439 510 imperator
454 449 554 490 munus
577 432 756 508 iniungeret,
782 447 875 508 aequo
891 433 983 490 auimo
999 442 1156 511 paratoque

147 511 309 591 subeundi?
347 512 421 586 Quid
444 515 533 590 enim,
556 516 580 574 si
595 515 755 593 provincias
774 531 811 573 ex
825 516 996 593 provinciis,
1022 534 1059 575 ex
1071 515 1156 576 bellis

147 598 223 660 bella
239 594 403 658 mandaret?
435 597 547 658 Eodem
561 597 640 657 illum
656 597 695 656 uti
714 599 794 675 iure,
819 615 883 658 cum
898 599 933 658 ad
947 600 1097 676 imperium
1112 618 1156 659 re·

122 686 250 758 crocet,
267 699 325 760 quo
342 683 378 741 sit
394 699 480 758 usus,
498 700 561 741 cum
576 680 612 741 ad
623 683 780 740 exercitum
791 682 915 757 miserit,
932 681 1059 761 nihilque
1071 684 1157 743 inter·

147 784 214 827 esse
229 767 271 825 ire
293 764 419 843 legatum
434 783 469 825 an
485 765 581 826 redire
597 766 755 844 principem
771 764 883 842 iubeat,
910 767 962 825 nisi
979 766 1055 844 quod
1069 768 1158 826 maior

146 853 182 911 sit
199 849 331 927 obsequii
346 848 437 926 gloria
451 852 479 910 ia
495 867 531 910 eo
547 849 624 928 quod
639 850 702 928 quis
718 851 809 909 minus
829 849 908 909 velit.
953 849 1087 927 Augebat
1108 868 1156 910 aa·
1168 844 1209 907 10

147 934 306 994 ctoritatem
327 933 449 993 iubentis
469 935 498 994 iu
519 950 656 995 summum
680 932 832 994 discrimen
852 935 1006 994 auotoritas
1031 936 1093 994 eius
1110 933 1156 992 ad·

146 1018 242 1094 ducta,
259 1025 345 1094 utque
359 1018 449 1093 magis
464 1017 618 1096 parendum
629 1017 777 1095 imperanti
789 1026 904 1096 putares
919 1017 1098 1078 efficiebatur
1109 1033 1157 1094 eo,

103 1110 138 1161 10
147 1100 224 1179 quod
238 1098 275 1159 ab
290 1099 353 1160 aliis
369 1101 459 1160 minus
477 1102 637 1179 parebatur.
673 1100 720 1160 Ad
740 1099 797 1161 boc
819 1100 956 1161 audiebas
973 1110 1088 1163 senatos
1105 1118 1157 1180 po·

147 1183 265 1264 pulique
284 1201 463 1243 consensum.
484 1183 548 1244 Non
562 1187 643 1243 unius
657 1183 772 1244 Nervae
787 1183 919 1244 iudicium
934 1184 1022 1262 illud,
1038 1184 1086 1245 illa
1098 1184 1158 1244 ele·

149 1269 206 1327 etio
222 1266 284 1325 fuit.
304 1264 374 1326 Nam
386 1266 434 1345 qui
446 1267 553 1345 ubique
568 1275 633 1326 sunt
643 1266 772 1327 homines
787 1266 844 1325 boc
859 1266 934 1326 idem
948 1269 1023 1327 votis
1037 1277 1156 1346 expete-

148 1352 229 1418 bant;
255 1348 305 1409 ille
331 1359 436 1410 tantum
457 1353 518 1410 iure
540 1350 677 1428 principis
701 1350 872 1427 occupavit,
900 1351 1063 1429 primusque
1089 1350 1159 1410 iecit

148 1432 226 1513 quod
239 1434 340 1494 facturi
356 1451 455 1497 omues
470 1443 559 1494 erant.
580 1432 644 1494 Nec
654 1431 781 1493 llercule
796 1441 873 1493 tauto
889 1449 980 1512 opere
993 1435 1102 1494 cunctis
1117 1433 1158 1494 ia·

108 1519 139 1571 15
149 1527 225 1577 ctum
240 1515 385 1595 placeret,
405 1519 460 1578 nisi
477 1517 635 1595 placuisset
649 1525 714 1577 ante
731 1535 813 1595 quam
835 1516 927 1576 lieret.
960 1518 999 1577 At
1020 1535 1094 1595 quo,
1117 1516 1154 1576 dii

148 1602 233 1676 boni,
256 1609 481 1680 temperamento
502 1610 674 1680 potestatem
689 1610 765 1660 tuam
781 1599 978 1679 fortunamque
993 1599 1155 1661 moderatus

149 1685 196 1745 esi
220 1682 379 1762 Imperator
399 1694 428 1745 tu
445 1685 534 1747 titulis
552 1694 581 1745 et
597 1685 764 1762 imaginibus
780 1694 809 1745 et
825 1686 932 1763 signis,
955 1693 1082 1745 ceterum
1097 1702 1157 1744 mo·

149 1768 241 1829 destia
261 1767 360 1829 labore
381 1768 525 1848 vigilantia
546 1769 603 1828 dux
622 1778 652 1829 et
667 1768 780 1846 legatus
794 1776 824 1829 et
838 1768 937 1845 miles,
965 1787 1028 1829 cum
1043 1771 1097 1828 iam
1112 1779 1158 1828 tua

148 1851 270 1927 vexilla,
288 1860 349 1911 tuas
364 1852 473 1931 aquilas
485 1869 588 1930 magno
601 1852 690 1930 gradu
701 1853 842 1928 anteires,
858 1871 954 1932 neque
970 1851 1045 1913 aliud
1058 1853 1108 1913 tibi
1121 1870 1158 1911 ex

106 1934 196 1994 toilla
208 1934 362 2012 adoptione
376 1954 457 2013 quam
467 1936 517 1995 lilii
528 1938 677 2014 pietatem,
694 1935 742 1995 lilii
756 1936 924 2014 obsequium
936 1937 1087 1997 adsereres
1096 1936 1157 1995 lou·

147 2035 269 2095 gamque
279 2017 344 2077 huic
353 2019 457 2078 nomini
467 2025 599 2095 aetatem,
618 2016 731 2095 longam
746 2017 865 2095 gloriam
878 2037 1043 2096 precarere.
1062 2017 1157 2079 lamte

148 2099 327 2178 providentia
339 2100 456 2160 deorum
466 2102 584 2179 primum
594 2100 725 2160 inlocum
735 2100 1061 2179 provexerat3tuadbuc
1072 2103 1099 2160 iu
1111 2120 1157 2163 se·

149 2183 241 2243 cundo
252 2185 390 2244 resistere
402 2192 487 2262 atque
501 2184 585 2243 etiam
594 2202 751 2245 senescere
767 2185 899 2262 optabas:
915 2185 1040 2262 privatus
1050 2185 1100 2244 tibi
1117 2187 1157 2245 vi·

149 2267 261 2327 debaris
277 2285 359 2346 quam
374 2268 421 2328 diu
435 2269 589 2346 imperator
598 2277 628 2328 et
642 2266 713 2327 alius
722 2275 810 2328 esset.
825 2266 928 2328 Audita
944 2278 1008 2328 sunt
1023 2277 1089 2327 vota
1099 2279 1156 2346 tua,

106 2349 201 2416 25sed
210 2351 238 2410 iu
248 2359 380 2429 quantum
389 2352 496 2431 optimo
512 2351 552 2412 illi
562 2361 591 2412 et
601 2352 779 2413 sanctissimo
789 2349 1010 2428 seniutileiuit,
1027 2370 1111 2428 quem
1121 2351 1159 2412 dii

119 2494 122 2501 ,
148 2435 230 2495 caelo
242 2435 467 2513 vindicaverunt,
479 2453 516 2496 ne
531 2437 597 2514 quid
612 2444 679 2516 post
693 2435 762 2497 illud
778 2435 899 2495 divinum
912 2446 941 2497 et
955 2434 1104 2496 inmortale
1116 2435 1157 2496 ia·

149 2528 225 2578 ctum
234 2519 353 2579 mortale
361 2519 481 2581 iaceret.
496 2519 607 2581 Deberi
615 2522 722 2599 quippe
731 2521 851 2580 maximo
864 2521 946 2597 operi
959 2519 1030 2580 banc
1040 2538 1158 2589 venera·

149 2604 267 2678 tionem,
285 2612 316 2663 ut
329 2606 512 2666 novissimum
527 2611 623 2684 esset,
644 2613 849 2683 auctoremque
865 2606 927 2667 eius
944 2607 1038 2665 statim
1055 2623 1158 2667 conse·

150 2683 298 2762 orandum,
315 2695 346 2745 ut
360 2687 530 2766 quaudoque
546 2689 619 2749 iuter
634 2697 767 2769 posteros
784 2699 1012 2768 quaerereturan
1023 2688 1093 2748 illud
1104 2690 1158 2748 iam

105 2772 140 2826 30
150 2767 220 2826 deus
237 2768 367 2831 iecisset.
384 2768 425 2831 Ita
436 2770 486 2831 ille
501 2771 578 2831 nullo
590 2774 680 2850 magis
691 2774 803 2833 nomine
815 2773 946 2852 publicus
959 2791 1062 2851 parens
1074 2790 1157 2852 quarn

148 2853 213 2929 quia
224 2859 297 2914 tuus.
319 2853 424 2932 lugens
434 2854 525 2932 gloria
541 2857 700 2934 ingensque
715 2858 804 2934 fama,
819 2876 883 2917 cum
892 2857 1003 2918 abunde
1020 2866 1157 2936 expertus

148 2945 227 2995 esset
243 2954 326 3014 quam
340 2938 415 2998 bene
425 2940 529 2998 umeris
544 2942 601 3000 tuis
616 2940 732 3001 sederet
746 2943 911 3019 imperium,
927 2943 977 3002 tibi
994 2951 1100 3018 terras,
1128 2948 1157 3000 te

148 3020 231 3079 terris
241 3019 369 3096 reliquit;
386 3038 422 3082 eo
433 3023 497 3102 ipso
511 3040 593 3083 carus
605 3025 735 3084 omnibus
744 3043 779 3085 ac
792 3024 994 3085 desiderandus
1004 3024 1080 3102 quod
1090 3039 1156 3100 pro-

148 3113 325 3181 spexeratne
337 3104 555 3166 desideraretur.
567 3105 659 3179 Quem
670 3117 699 3167 tu
709 3108 832 3168 lacrimis
842 3109 970 3186 primum,
981 3109 1019 3167 ita
1029 3117 1059 3167 ut
1071 3106 1156 3166 lilium
1170 3110 1207 3177 ll

104 3196 138 3249 35
148 3184 253 3264 decuit,
268 3204 335 3247 mox
345 3188 462 3267 templis
472 3188 641 3268 honestasti,
657 3208 713 3251 non
725 3192 846 3251 imitatus
858 3189 924 3249 illos
937 3190 984 3268 qui
998 3189 1054 3248 boc
1068 3189 1154 3265 idem,
1222 3228 1226 3235 ·

148 3270 200 3330 sed
215 3270 269 3331 alia
284 3280 378 3331 mente
392 3272 530 3332 iecerunt.
563 3273 676 3333 Dicavit
691 3271 1087 3350 caelo'liberiusdugustum,
1103 3272 1157 3333 sed

148 3363 179 3413 ut
195 3356 349 3416 maiestatis
366 3356 473 3416 crimen
488 3356 646 3431 induceret,
664 3354 812 3415 Claudium
825 3354 921 3433 Nero,
940 3356 992 3415 sed
1007 3364 1038 3415 ut
1052 3355 1155 3416 inride-

148 3447 208 3516 ret‚
231 3437 438 3518 Vespasianum
452 3438 548 3517 Titus,
570 3439 745 3500 Domitianus
765 3436 873 3517 Titum,
901 3438 953 3499 sed
969 3439 1036 3516 ille,
1063 3451 1093 3500 ut
1109 3440 1155 3501 dei
