2588 4116
420 211 684 272 EPISTULARUM
706 212 770 272 llll.
791 224 817 276 8.
832 223 859 277 9.
1104 213 1142 276 71

131 367 206 446 ipsis
221 381 322 440 magna
336 372 427 440 erant,
447 364 572 423 dicerem
587 363 622 423 de
640 365 849 442 conspiratione
865 364 1037 444 delatorum,
1057 381 1168 444 quams

132 454 162 510 in
180 457 302 527 quaestu
323 446 482 522 habebant,
509 447 637 506 dicerem
662 466 763 509 causas
784 449 889 526 quibus
909 449 1143 511 factiosissimum

133 549 295 612 quemque,
317 529 442 589 utillum
464 533 557 609 ipsum
572 529 784 611 Theophanen,
807 532 985 592 offendisset.
1016 532 1144 594 Eundem

132 636 180 677 me
201 614 333 675 voluerat
355 631 511 674 occurrere
534 616 641 673 crimini
663 632 720 693 quo
749 617 870 674 maxime
896 616 1087 694 premebatur.
1112 616 1145 676 In

110 700 199 766 saliis
221 701 296 758 enim
311 700 437 776 quamvis
454 698 550 758 auditu
565 699 743 775 gravioribus
763 716 820 757 non
834 699 1045 759 absolutionem
1060 699 1145 761 modo

136 801 238 844 verum
253 784 336 842 etiam
350 780 461 841 laudem
476 782 654 859 merebatur,
677 782 733 842 hoc
751 780 829 841 illum
845 783 981 842 onerabat
998 784 1075 860 quod
1093 784 1169 848 hoo

133 886 181 928 mo
199 865 323 944 simplex
343 874 373 925 et
396 867 526 926 incautus
544 866 681 942 quaedam
701 884 718 925 a
739 866 962 944 provincialibus
983 876 1013 925 ut
1034 869 1142 928 amicus

135 959 299 1029 acceperat.
321 948 392 1008 Nam
406 949 499 1009 iuerat
513 951 542 1008 iu
555 950 654 1009 eadem
672 951 818 1027 provincia
834 959 979 1027 quaestor.
1003 949 1082 1010 Haec
1097 970 1144 1010 ac·

137 1045 286 1094 curatores
306 1034 379 1093 furta
401 1042 431 1093 et
445 1034 570 1111 rapinas,
586 1035 651 1110 ipse
665 1051 780 1093 munera
794 1034 930 1094 vocabat:
956 1032 1009 1094 sed
1024 1033 1073 1094 lex
1085 1052 1144 1093 mu-

91 1136 128 1187 10
136 1136 207 1178 nera
217 1135 334 1196 quoque
350 1118 444 1195 accipi
459 1126 546 1177 vetat.
566 1116 620 1177 Hic
636 1134 692 1195 ego
709 1117 777 1195 quid
793 1136 919 1195 agerem,
935 1118 1012 1197 quod
1026 1121 1082 1177 iter
1095 1118 1170 1181 det

136 1203 277 1262 tensionis
291 1198 479 1278 ingrederer?
494 1197 658 1277 Negarem?
672 1202 794 1261 verebar
806 1220 844 1260 ne
855 1200 940 1278 plane
951 1203 1055 1260 lurtum
1065 1202 1144 1260 vide·

136 1295 216 1346 retur
238 1285 315 1363 quod
337 1284 466 1345 confiteri
485 1284 623 1344 timerem.
653 1283 806 1343 Praeterea
818 1302 879 1342 rem
893 1284 1070 1343 manifestam
1085 1285 1144 1343 inii·

137 1371 201 1429 tiari
216 1371 347 1446 augentis
363 1378 424 1428 erat
439 1370 557 1445 crimen,
573 1385 630 1426 non
648 1365 793 1443 diluentis,
811 1369 982 1444 praesertim
1000 1384 1064 1424 cum
1078 1385 1145 1426 reus

136 1455 203 1532 ipse
219 1452 288 1512 nihil
310 1455 459 1530 integrum,
472 1451 618 1511 advocatis
636 1450 811 1528 reliquisset.
846 1449 943 1510 llultis
966 1452 1039 1508 enim
1059 1460 1146 1529 atque

92 1552 128 1602 15
139 1539 224 1597 etiam
246 1538 370 1615 principi
391 1536 500 1612 dixerat
520 1535 583 1595 sola
602 1554 635 1595 se
655 1533 822 1594 munuscula
838 1535 978 1594 dumtaxat
992 1532 1076 1592 natali
1093 1551 1145 1593 suo

137 1630 186 1680 aut
200 1620 394 1680 Saturnalibus
410 1621 563 1697 accepisse
580 1628 610 1678 et
628 1618 774 1697 plerisque
790 1620 916 1679 misisse.
939 1618 1056 1677 Veniam
1072 1627 1168 1694 ergo&

137 1701 289 1783 peterem?
311 1704 485 1781 iugulassem
505 1720 602 1780 reum,
625 1721 710 1781 quem
726 1705 764 1761 ita
780 1702 937 1782 deliquisse
955 1701 1145 1761 concederem

138 1799 170 1849 ut
187 1790 295 1848 servari
311 1791 364 1848 nisi
379 1791 462 1848 venia
477 1805 535 1848 non
550 1797 660 1865 posset.
694 1786 846 1864 Tamquam
860 1797 942 1846 recte
957 1787 1063 1845 lactum
1083 1795 1144 1844 tue·

136 1868 206 1930 rer?
220 1889 276 1931 non
292 1871 334 1931 illi
351 1872 536 1949 proluissem,
553 1871 605 1932 sed
619 1872 683 1948 ipse
699 1870 839 1947 inpudens
852 1873 1021 1931 extitissem.
1046 1869 1078 1929 ln
1091 1870 1170 1933 hac9

92 1963 130 2015 ‘20
139 1954 305 2014 difficultate
326 1955 434 2032 placuit
450 1953 573 2013 medium
594 1954 724 2030 quiddam
743 1962 858 2013 tenere:
885 1954 987 2013 videor
1006 1955 1145 2012 tenuisse.

136 2039 292 2098 Actionem
306 2055 413 2113 meam,
429 2047 460 2095 nt
473 2036 584 2114 proelia
599 2035 691 2111 solet,
713 2053 771 2094 nox
785 2036 905 2095 diremit.
929 2036 1052 2112 Egeram
1069 2035 1147 2094 boris

136 2122 232 2183 tribus
246 2129 276 2179 et
289 2118 417 2195 dimidia,
440 2129 590 2195 supererat
607 2117 786 2196 sesquihora.
818 2117 889 2177 Nam
906 2136 970 2177 curn
985 2138 1001 2177 c
1017 2119 1085 2193 lege
1101 2137 1147 2176 ac-

138 2212 258 2265 cusator
268 2220 321 2262 sex
335 2200 437 2276 horas,
459 2217 562 2260 novem
583 2219 651 2260 reus
671 2202 852 2279 accepisset,
874 2203 912 2259 ita
928 2201 1064 2259 diviserat
1078 2209 1148 2259 tem·

138 2305 211 2368 pora
225 2305 293 2346 rens
311 2287 445 2345 interme
463 2293 492 2344 et
507 2302 572 2344 eum
588 2286 637 2363 qui
652 2285 779 2344 dicturus
790 2293 857 2361 post
869 2293 940 2357 erat,
956 2292 987 2340 ut
999 2300 1056 2358 ego
1068 2284 1148 2360 quin·

94 2383 130 2436 25
140 2391 197 2450 que
212 2371 303 2446 horis,
320 2368 370 2428 ille
383 2368 503 2448 reliquis
518 2379 655 2429 uteretur.
678 2368 746 2427 Mihi
758 2385 912 2428 successus
927 2367 1046 2426 actionis
1063 2365 1192 2425 silan-10

139 2459 209 2515 tium
226 2454 367 2531 finemque
391 2453 538 2514 suadebat.
570 2451 762 2513 Temerarium
779 2462 823 2512 est
844 2454 918 2511 enim
938 2449 1072 2511 secundis
1092 2467 1149 2508 non

141 2557 209 2600 esse
225 2547 399 2599 contentum.
424 2537 471 2597 Ad
483 2537 541 2597 hoc
558 2536 681 2597 verebar
694 2555 730 2596 ne
745 2552 790 2595 me
808 2538 938 2615 corporis
953 2536 1030 2594 vires
1047 2535 1148 2593 iterato

140 2621 240 2683 labore
267 2622 453 2699 desererent,
482 2639 566 2699 quem
588 2619 732 2680 difficilius
759 2629 804 2690 est
828 2628 964 2699 repetere
985 2636 1067 2697 quam
1088 2619 1148 2676 iun·

141 2725 222 2784 gere.
255 2704 324 2766 Erat
347 2708 430 2765 etiam
444 2703 603 2783 periculum
619 2723 655 2763 ne
669 2703 781 2781 reliqua
796 2706 869 2763 actio
887 2721 951 2762 mea
965 2713 993 2762 et
1009 2703 1099 2779 frigus
1118 2710 1148 2760 ut
1159 2712 1192 2763 tl

97 2802 134 2855 30
143 2791 275 2868 deposita
286 2800 315 2849 et
326 2788 448 2849 taedium
459 2798 489 2847 ut
499 2798 643 2866 resumpta
655 2796 810 2865 pateretur.
825 2787 862 2846 Ut
874 2790 949 2847 enim
960 2786 1039 2848 iaces
1055 2789 1150 2863 ignem

141 2873 257 2933 adsidua
273 2875 464 2933 concussione
482 2870 660 2944 custodiunt,
676 2870 819 2930 dimissum
833 2873 992 2948 aegerrime
1006 2879 1148 2947 reparant,

142 2960 185 3016 sic
200 2966 230 3017 et
245 2956 367 3017 dicentis
384 2955 463 3016 calor
479 2964 509 3015 et
530 2954 668 3014 audientis
689 2956 809 3014 intentio
828 2956 1039 3014 continuatione
1055 2971 1150 3012 serva·

142 3049 196 3115 tur,
213 3039 425 3119 intercapedine
440 3048 468 3098 et
483 3040 564 3116 quasi
581 3039 752 3098 remissione
770 3037 938 3115 languescit.
970 3035 1028 3095 Sed
1043 3035 1148 3094 Bassus
1159 3044 1193 3094 12

144 3122 239 3183 multis
262 3124 416 3202 precibus,
437 3140 529 3202 paene
550 3125 634 3181 etiam
654 3119 778 3181 lacrimis
808 3121 979 3180 obsecrabat
999 3119 1150 3195 implerem

99 3217 134 3271 35
143 3225 238 3267 meum
253 3216 375 3285 tempus.
408 3205 490 3266 Parui
505 3204 709 3282 utilitatemque
731 3208 793 3264 cius
810 3204 932 3280 praetuli
947 3218 1036 3259 meae.
1070 3199 1149 3258 Bene

144 3293 251 3351 cessit:
278 3293 374 3351 inveni
399 3291 436 3349 ita
458 3299 573 3349 erectos
595 3290 703 3348 animos
729 3296 861 3361 senatus,
890 3289 929 3344 ita
955 3292 1091 3342 recentes
1119 3292 1150 3343 ut

143 3377 241 3453 priore
262 3375 375 3435 actione
395 3375 503 3433 incitati
519 3375 608 3449 magis
623 3390 707 3450 quam
721 3372 812 3431 satiati
827 3369 1000 3428 viderentur.
1026 3366 1149 3426 Succes·
1159 3376 1196 3428 13

143 3461 182 3518 sit
195 3456 263 3517 milri
278 3458 420 3519 Lucceius
438 3456 575 3532 Albinus,
596 3465 652 3515 tam
672 3464 739 3536 apte
761 3462 791 3512 ut
811 3454 953 3512 orationes
973 3460 1087 3512 nostrae
1101 3468 1149 3509 va-

1078 4072 1085 4079 .
1117 4062 1213 4079 ...μη-1·
1230 4054 1258 4067 ‘¹
