2588 4116
211 214 271 277 130
637 214 668 275 C.
693 214 789 274 PLlNl

211 369 352 426 sinistrum
374 368 517 428 brachium
545 367 702 426 firmissimo
724 384 812 444 opere
838 368 972 426 munitum
993 378 1052 444 est,
1083 368 1212 429 dextrum

172 461 202 514 16
212 450 381 510 elaboratur.
415 451 446 509 ln
461 466 512 510 ore
527 458 626 528 portus
639 449 728 510 insula
744 449 885 526 adsurgit,
908 469 981 528 quac
996 451 1110 512 inlatum
1125 464 1210 514 vento

210 553 286 594 mare
310 536 444 594 obiacens
461 536 570 610 frangat
590 542 735 612 tutumque
756 533 790 592 ab
813 543 932 611 utroque
955 534 1043 594 latere
1059 536 1211 597 decursum

211 618 329 677 navibus
350 628 492 697 praestet,
517 616 643 694 adsurgit
662 627 754 677 autem
769 627 828 676 arte
843 617 974 679 visenda:
1002 621 1126 696 ingentia
1143 639 1210 680 saxa

210 701 345 762 latissima
366 704 443 761 navis
465 702 611 781 provebit:
636 711 733 760 contra
754 700 825 761 haec
846 700 899 760 alia
920 720 1007 779 super
1028 703 1081 763 alia
1099 703 1233 772 deiecta5

209 789 275 865 ipso
291 785 418 864 pondere
435 794 546 844 manent
561 803 595 845 ac
611 786 716 845 sensim
732 785 853 862 quodam
864 784 942 845 velut
957 805 1065 863 aggere
1082 797 1209 847 constru-

172 880 301 936 17untur.
339 867 451 927 Eminet
472 871 525 927 iam
553 879 582 928 et
610 878 728 947 apparet
750 886 865 928 saxeum
888 868 1002 929 dorsum
1022 873 1209 950 impactosque

211 955 312 1012 lluctus
328 954 357 1010 in
371 955 526 1012 inmensum
543 952 621 1011 elidit
637 962 665 1011 et
680 952 762 1012 tollit.
791 951 895 1012 Vastus
911 953 971 1013 illic
987 954 1083 1031 fragor
1098 973 1209 1014 canum·

210 1055 265 1114 que
287 1037 363 1095 circa
386 1053 473 1094 mare,
506 1036 587 1095 Saxis
609 1035 710 1096 deinde
725 1035 800 1115 pilae
822 1035 995 1114 adicientur,
1018 1057 1090 1116 quaa
1106 1057 1209 1117 proce-

209 1121 293 1180 dente
315 1129 444 1197 tempore
467 1129 574 1180 enatam
595 1120 713 1180 insulam
734 1122 883 1180 imitentur.
912 1121 1034 1181 Habebit
1048 1123 1094 1181 hic
1110 1132 1209 1200 portus
1218 1131 1251 1183 10

209 1215 238 1264 et
260 1206 314 1263 iam
335 1204 422 1263 hahet
441 1221 544 1263 nomen
567 1207 690 1265 auctoris
713 1205 823 1282 eritque
849 1204 897 1262 vel
925 1198 1044 1264 maxime
1070 1206 1207 1282 salutaris.

208 1286 278 1348 Nam
293 1306 347 1366 per
363 1287 557 1365 longissimum
578 1291 698 1366 spatium
716 1288 781 1349 litus
797 1290 992 1367 importuosum
1007 1291 1063 1349 boc
1079 1301 1209 1368 recepta·

209 1371 274 1433 culo
289 1381 390 1432 utetur.
422 1371 502 1433 Vale.

647 1504 763 1565 XXXII.

451 1602 478 1656 c.
496 1603 621 1653 ruinius
639 1603 846 1661 Qumnmmuo
864 1604 923 1655 suo
942 1604 966 1652 a.

184 1719 197 1767 1
272 1705 405 1779 Quamvis
418 1715 450 1764 et
465 1707 527 1781 ipse
545 1707 584 1764 sis
601 1708 857 1766 continentissimus
879 1717 908 1767 et
930 1707 1012 1767 liliam
1026 1717 1100 1766 tuam
1116 1709 1153 1766 ita
1168 1710 1208 1766 in·

207 1791 331 1850 stitueris
346 1798 376 1846 ut
390 1788 510 1847 decebat
526 1797 599 1847 tuam
612 1788 712 1867 liliam,
735 1788 819 1850 Tutili
833 1801 965 1870 neptem,
988 1809 1051 1849 oum
1066 1800 1158 1849 tamen
1174 1793 1209 1849 sit

206 1882 325 1949 nuptura
341 1873 542 1932 honestissimo
557 1873 630 1949 viro,
648 1872 740 1933 Nonio
758 1872 863 1950 Celeri,
881 1879 925 1934 cui
941 1877 1011 1934 ratio
1030 1874 1153 1934 civilium
1166 1874 1207 1932 oi·

207 1958 334 2016 liciorum
353 1958 556 2017 necessitatem
574 1957 710 2034 quandam
731 1959 830 2018 nitoris
847 1962 970 2039 inponit,
998 1958 1084 2018 debet
1105 1973 1251 2025 secun-ao

207 2040 271 2099 dum
290 2040 480 2101 conditionem
502 2043 591 2100 mariti
613 2051 695 2102 veste
726 2045 858 2104 comitatu
883 2045 996 2121 augeri;
1030 2043 1130 2120 quibus
1152 2061 1208 2101 non

180 2126 318 2205 equidem
334 2135 454 2202 angetur
468 2125 598 2202 dignitas,
617 2135 729 2187 ornatur
744 2137 835 2187 mmen
850 2138 879 2188 et
894 2129 1044 2188 instruitur.
1065 2125 1106 2183 'le
1121 2142 1207 2205 porro

207 2211 298 2269 animo
316 2210 519 2287 beatissimum,
536 2210 676 2270 modicum
692 2211 872 2272 facultatibus
887 2214 956 2271 scio.
987 2210 1085 2287 ltaque
1098 2219 1208 2285 partem

208 2296 302 2354 oneris
318 2296 357 2353 tui
378 2295 445 2354 milri
461 2293 590 2371 vindico,
615 2305 643 2353 et
662 2303 800 2371 tamquam
819 2312 921 2370 parens
937 2293 1009 2351 alter
1024 2291 1138 2368 puellae
1157 2310 1208 2350 no·

207 2387 283 2438 strae
311 2377 429 2437 confero
452 2379 651 2454 quinquaginta
672 2376 748 2434 milia
768 2393 922 2447 nummum,
949 2373 1012 2449 plus
1039 2373 1207 2451 collaturus,
1218 2394 1252 2445 25

205 2463 259 2521 nisi
281 2479 296 2519 a
318 2459 490 2518 verecundia
512 2469 559 2517 tua
578 2459 640 2517 sola
660 2457 855 2515 mediocritate
881 2453 1037 2514 munusculi
1062 2457 1206 2533 impetrari

206 2560 294 2619 posse
307 2542 480 2600 confiderem
494 2559 531 2598 ne
546 2557 704 2599 recusares.
736 2537 816 2597 Vale.

636 2668 768 2729 xxxiii.

481 2770 506 2819 o.
527 2771 650 2820 animus
668 2769 804 2820 nomano
824 2769 883 2821 suo
900 2769 928 2824 s,
1214 2799 1249 2853 30

180 2885 196 2935 1
290 2870 405 2930 <Tollite
423 2878 535 2932 cuncta’
547 2873 643 2952 inquid
658 2880 849 2951 ‘coeptosque
862 2874 971 2932 auferte
983 2872 1120 2933 labores'

204 2956 262 3014 Seu
278 2955 381 3016 scribis
396 2955 501 3035 aliquid
515 2975 567 3017 seu
582 2957 672 3036 legis,
695 2957 757 3016 tolli
780 2957 884 3016 auferri
903 2957 970 3016 iube
985 2965 1013 3017 et
1028 2959 1129 3035 accipe
1145 2974 1205 3018 ora·

203 3041 309 3101 tionem
329 3058 436 3119 meam,
458 3050 488 3100 ut
502 3041 549 3101 illa
561 3059 651 3118 arma,
674 3041 793 3102 divinam
815 3043 896 3121 (num
911 3042 1062 3121 superbius
1077 3038 1203 3120 potuil),

203 3143 235 3184 re
252 3143 336 3201 vera,
358 3132 388 3184 ut
402 3126 475 3185 inter
490 3143 583 3203 meas,
607 3126 766 3204 pulchram;
786 3144 848 3185 nam
869 3126 935 3185 mihi
950 3127 1017 3185 satis
1033 3135 1077 3184 est
1095 3135 1205 3184 certare

176 3217 194 3268 ‚b
204 3227 323 3269 mecum.
352 3208 405 3270 Est
420 3210 492 3269 haec
513 3227 565 3289 pro
586 3210 662 3271 Attia
677 3209 801 3286 Viriola,
825 3219 854 3269 et
869 3209 1003 3287 dignitate
1019 3227 1160 3287 personae
1176 3217 1246 3274 et35

205 3295 328 3372 exempli
348 3296 459 3356 raritate
481 3303 510 3354 et
530 3294 625 3354 iudicii
646 3294 836 3372 magnitudine
858 3296 985 3372 insignis.
1016 3292 1087 3352 Nam
1101 3293 1204 3352 lomina

205 3376 353 3453 splendide
366 3389 438 3455 nata,
456 3387 542 3458 nupta
556 3382 700 3458 praetorio
715 3381 793 3453 viro,
811 3378 984 3439 exheredata
999 3377 1034 3436 ab
1051 3385 1203 3452 octogena-

203 3460 246 3518 rio
260 3470 342 3538 patre
358 3464 428 3523 intra
444 3464 573 3524 undecim
589 3463 650 3524 dies
672 3482 754 3543 quam
769 3462 809 3522 illi
824 3481 976 3524 novercam
992 3479 1086 3521 amore
1103 3469 1202 3539 captus

1218 1554 1248 1605 15

65 3756 205 3824 A
