2588 4116
121 322 183 385 120
317 318 322 325 '
541 318 574 379 C.
595 316 691 379 runt

121 478 177 541 ris,
197 472 264 531 nibil
281 480 326 531 est
342 470 418 549 cuod
433 486 539 547 negare
554 469 690 543 debeam,
712 470 881 548 praesertim
898 485 951 547 pro
965 469 1053 547 patria
1070 486 1119 546 pc·

121 558 198 617 tenti.
235 556 309 629 nutu
336 557 410 613 runnu
435 554 569 633 precibus
591 562 638 611 aut
659 552 806 613 honestius
832 555 885 630 piis
905 561 951 612 aut
973 551 1120 613 ellicacius

93 638 258 709 naturantis?
292 636 411 697 l'rninrlr
432 636 567 697 Firmanis
585 638 640 695 tuis
659 654 693 693 ac
713 638 766 694 iam
787 638 880 713 potius
902 638 1006 695 nostris
1023 637 1120 711 obliga

122 726 205 785 iidem
226 742 331 783 rincum:
355 740 427 799 nutis
448 720 589 779 laborent
604 718 697 779 stuulio
715 738 781 779 meo
793 719 894 797 dignos
908 737 970 778 cum
984 719 1120 797 splendor

121 812 246 887 tpmruni
258 818 316 867 tuni
329 806 383 865 niu
397 806 514 863 niarime
525 802 689 881 pollicetur,
704 803 780 881 quod
793 803 929 865 credibile
942 811 986 863 est
998 804 1143 880 optimos5

122 912 188 951 esse
203 894 274 951 inter
288 906 361 966 nurus
375 898 404 947 tu
419 886 482 947 talis
496 888 623 947 muneris.
654 885 734 947 i'ale.

406 1122 433 1173 ι’.
454 1120 577 1171 tuttn's
594 1118 707 1169 neuton
722 1117 782 1169 St'o
798 1115 823 1165 S.

99 1248 109 1295 ι
181 1228 245 1285 Scir
267 1234 296 1283 tu
317 1226 480 1285 secessisse
501 1226 621 1303 pretium
647 1224 740 1301 agris,
767 1222 922 1299 praecipue
943 1220 1117 1281 suburbanis.
1126 1242 1160 1294 10

121 1312 214 1371 ιίιιιι
226 1310 336 1369 subitae
353 1312 475 1369 uerit-ntis
490 1326 538 1367 res
553 1308 647 1367 inultis
660 1310 762 1385 agitata
776 1305 967 1365 sermonibus:
983 1308 1117 1381 proximis

123 1398 244 1453 unitricis
267 1394 481 1453 nunionissinas
501 1410 592 1451 uinces
613 1402 728 1451 senatus
749 1391 892 1467 expressit
913 1388 1063 1448 ‘candidati
1084 1408 1119 1448 ne

95 1490 323 1543 renouentur,
346 1496 381 1533 ne
403 1480 510 1535 mittunt
524 1493 654 1539 munuera.
678 1492 713 1533 ne
730 1476 866 1550 pecunias
881 1473 1042 1549 deponant’.
1075 1471 1120 1531 Ex

122 1566 224 1639 apcius
238 1562 294 1619 cluo
311 1562 404 1635 priori
420 1568 475 1617 turn
489 1566 588 1635 apertu
602 1574 684 1635 quam
700 1556 848 1615 immodice
864 1556 976 1629 liebunt,
993 1556 1049 1616 hoc
1065 1565 1119 1614 ter-

94 1662 109 1709 ,ι
120 1658 204 1711 truria,
221 1660 386 1721 quunnnpnmn
402 1640 609 1703 uirculturetur.
633 1656 685 1717 pro
702 1650 851 1717 comperto
866 1640 1031 1699 habebatur.
1063 1638 1118 1697 llo·
1127 1650 1160 1703 15

121 1724 445 1789 irruillnsslcimlenitimur.
458 1724 683 1801 vigilanterusus
696 1722 750 1783 buc
764 1741 906 1783 consensu
918 1732 1042 1797 senatus,
1056 1742 1119 1781 sen·

120 1820 223 1869 tentae
240 1808 307 1865 lucu
320 1806 472 1885 praetulerit
489 1818 517 1867 ut
531 1806 664 1865 consules
676 1806 847 1867 desiderium
859 1810 1055 1867 uniuersorum
1069 1825 1119 1866 no·

120 1902 176 1951 tunn
191 1892 310 1967 prirnipi
320 1892 446 1949 lucerent
458 1900 659 1969 peterentque„
673 1893 745 1949 siunt
757 1890 819 1951 eliis
830 1892 905 1950 uitiis
923 1892 988 1949 liuic
1007 1908 1120 1969 quoquc

95 1974 297 2053 sprniirlentiu
313 1994 363 2035 sua
379 1984 555 2035 «incurreret.
578 1974 724 2035 tlccnrrit:
738 1992 801 2034 num
815 1984 943 2052 sumptus
960 1975 1119 2035 candidato·

120 2078 195 2121 ruitur.
213 2058 315 2118 torulus
330 2058 396 2119 illus
410 2068 437 2119 nt
453 2060 588 2121 iniamus.
609 2059 729 2118 ambitus
744 2057 811 2136 lege
823 2061 980 2118 restrinxit:
1003 2058 1163 2126 eosdempp

120 2146 278 2222 puitriinnnii
300 2144 411 2203 tertium
426 2152 534 2223 purtem
549 2142 682 2203 corilurre
696 2144 777 2203 iussit
793 2146 820 2202 in
835 2161 869 2202 ea
884 2161 956 2222 quae
972 2143 1037 2201 solo
1054 2160 1121 2201 con·

120 2230 285 2291 tinnrnntnr.
302 2228 431 2287 ululurrnc
446 2230 613 2301 arbitratus,
630 2236 660 2287 nt
675 2236 753 2301 erat,
767 2228 904 2284 bonorem
921 2229 1060 2301 petituros
1076 2244 1121 2283 ur·

121 2312 185 2371 bum
208 2312 372 2389 ltnlinnnpuc
393 2330 449 2371 num
471 2326 524 2388 pro
545 2312 634 2386 patria
655 2308 708 2364 sed
729 2324 781 2380 pro
801 2307 926 2379 hospitio
946 2317 992 2363 aut
1008 2308 1120 2366 stabulo

93 2422 108 2453 s
118 2398 198 2473 qumi
215 2398 430 2471 peregrinantes
445 2394 559 2451 babere.
581 2388 757 2447 Concursant
771 2401 842 2458 ergo
859 2385 1011 2444 candidati:
1028 2397 1119 2445 certa·

119 2482 167 2535 tini
182 2476 316 2551 quidquid
331 2474 433 2530 rennle
448 2472 562 2529 audiunt
577 2470 723 2543 emptitant
737 2483 851 2543 quoque
864 2467 922 2524 sint
936 2467 1017 2545 plura
1032 2487 1117 2528 vena·
1126 2483 1163 2534 25

91 2558 153 2619 tilin
166 2558 299 2613 cilicium.
320 2552 443 2609 Proinde
459 2554 484 2609 si
501 2550 626 2626 paenitet
644 2557 673 2606 te
684 2547 844 2607 Italicorum
857 2552 1045 2627 praediorum,
1062 2554 1118 2611 hoc

115 2634 255 2695 uendendi
277 2642 388 2707 tempus
406 2642 461 2691 tam
480 2629 604 2689 Hercule
619 2648 701 2709 quam
716 2634 743 2691 in
759 2633 913 2710 provinciis
929 2638 1116 2716 comparandi,

115 2718 179 2776 dum
192 2716 266 2774 idem
282 2714 419 2773 candidati
432 2713 492 2774 illic
505 2714 640 2789 rendunt,
656 2723 687 2774 ut
700 2716 747 2775 bic
762 2727 862 2778 emant.
884 2718 965 2779 Vale.

585 2848 648 2909 XX.
760 2892 766 2901 .

403 2948 430 2999 c.
447 2948 572 2999 culmos
588 2949 704 3001 rucrro
720 2908 780 3000 suo
797 2950 823 2999 s,

90 3063 104 3114 l
178 3050 230 3110 nis
250 3060 279 3111 te
296 3051 445 3111 adductum
466 3051 568 3113 litteris
583 3070 652 3131 quas
669 3056 796 3131 exigenti
811 3053 862 3113 tibi
877 3053 913 3112 de
928 3062 1019 3112 morte
1034 3073 1118 3113 urnu-

115 3136 171 3195 culi
185 3136 242 3194 mei
264 3137 368 3214 scripsi
385 3155 492 3213 cupere
514 3154 694 3214 cognoscere
711 3156 783 3217 quos
801 3155 856 3214 ego
877 3136 979 3196 Miseni
1001 3137 1117 3196 relictus

115 3221 160 3299 (id
175 3223 249 3280 enim
264 3223 412 3298 ingressus
432 3221 613 3299 abruperam)
631 3218 694 3280 nori
708 3221 800 3282 solum
814 3230 907 3279 metus
921 3239 1019 3279 verum
1034 3224 1118 3279 etiam

116 3322 200 3364 casus
220 3306 394 3382 pertulerim.
429 3304 602 3384 Quamquam
621 3307 728 3365 animus
741 3306 903 3364 meminisse
919 3305 1032 3380 horret,
1049 3307 1159 3366 inci-35

88 3389 199 3463 uplam.
229 3387 363 3449 Profecto
385 3389 526 3449 avunculo
547 3392 612 3468 ipse
630 3389 770 3467 reliquum
789 3399 903 3465 tempus
919 3388 1019 3448 studiis
1036 3390 1115 3466 (ideo

115 3471 188 3526 enim
200 3476 404 3550 remanseram)
420 3474 549 3550 inpendi:
572 3490 638 3533 mox
658 3473 814 3546 balineum,
837 3490 922 3545 cena,
945 3490 1060 3532 somnus
1076 3475 1116 3530 in·

88 3553 229 3628 ttquietus
243 3563 273 3612 et
286 3555 394 3614 brevis.
416 3556 619 3618 Praecesserat
634 3573 687 3634 per
701 3556 806 3616 multos
820 3555 882 3616 dics
902 3564 1008 3614 tremor
1024 3565 1117 3615 terrae

1126 2904 1161 2957 30
