2588 4116
212 212 253 272 :36
635 209 668 270 G,
691 208 788 268 Pllb'l

211 381 258 421 me
272 381 307 421 an
321 362 427 440 aliquid
441 363 584 421 omiserim
598 380 707 439 rursus,
724 371 753 421 et
767 380 865 420 mrsus
880 379 972 439 paene
988 364 1077 421 omisi.
1100 361 1216 422 Summo

213 547 295 608 quam
309 548 366 589 non
382 547 480 589 omnes
501 547 573 607 qnos
593 528 752 588 mandasset
774 531 919 608 provincia
938 547 1005 588 reos
1020 533 1215 607 peregissent,

212 622 308 692 atque,
324 623 355 674 ut
372 624 417 673 est
431 614 586 673 vehemens
601 623 630 672 et
645 612 778 689 disertus,
794 614 822 672 in
838 612 988 672 discrimen
1002 612 1124 672 adduxit.
1146 613 1215 673 Pro·

212 699 271 757 texi
293 699 370 756 siros
386 699 508 774 optimos
527 696 702 774 eosdemque
717 698 908 774 gratissimos:
933 696 1000 755 mibi
1015 706 1093 755 certe
1107 696 1241 756 deberes

168 790 204 845 37
213 800 247 840 εε
262 781 425 860 praedicant
449 781 525 858 quod
540 779 619 839 illum
633 781 773 839 turbinem
787 783 937 840 eraserint.
970 779 1024 840 Hic
1040 783 1093 839 erit
1107 784 1215 858 epistu-

212 864 258 924 lae
275 867 350 939 linis,
366 882 398 922 re
413 882 483 923 vera
498 865 576 931 linis;
590 863 712 923 litteram
727 882 783 923 non
798 863 914 941 addam,
936 866 1045 924 etiamsi
1058 865 1149 924 adhuc
1165 864 1214 923 ali·

211 947 278 1026 qnid
292 948 465 1025 praeterisse
479 966 524 1007 me
540 965 669 1008 sensero.
701 947 781 1006 l'ale.

695 1082 732 1141 X.

262 1182 288 1230 c.
308 1181 435 1231 [mixtus
456 1179 622 1232 resumere
642 1180 825 1232 sntnrxxus
842 1179 901 1231 suo
921 1182 962 1229 er
980 1178 1118 1229 corrice
1136 1179 1163 1232 s,
1223 1118 1257 1167 1⁰

186 1298 201 1349 1
273 1281 480 1360 Composuisse
500 1299 546 1340 me
566 1282 703 1361 quaedam
724 1284 760 1342 de
780 1284 838 1343 filio
859 1293 957 1341 restro
976 1298 1033 1340 non
1049 1281 1105 1340 dixi
1119 1282 1213 1357 vohis,

213 1385 277 1425 cum
291 1368 421 1444 proxime
436 1365 512 1443 apud
524 1382 579 1425 ros
593 1366 643 1442 fni,
661 1369 796 1445 primum,
813 1369 948 1445 quianon
964 1365 1029 1424 ideo
1044 1368 1214 1443 scripseram

212 1460 242 1510 ut
254 1451 391 1526 dicerem,
407 1449 460 1508 sed
470 1459 501 1509 ut
512 1467 578 1508 meo
589 1453 687 1527 amori,
704 1469 768 1510 meo
780 1450 872 1510 dolori
884 1450 1087 1526 satisfacerem,
1101 1449 1213 1523 deinde,

212 1538 276 1613 quia
292 1545 333 1610 te,
347 1534 502 1611 Spurinna,
518 1551 581 1591 cum
596 1533 724 1594 audisses
740 1537 878 1594 recitasse
892 1552 949 1610 me,
965 1543 995 1592 nt
1009 1533 1076 1592 mihi
1090 1534 1154 1610 ipse
1169 1532 1212 1590 di·
1223 1537 1256 1589 15

146 1622 151 1631 '
185 1621 289 1695 existi,
306 1616 372 1696 quid
387 1619 554 1677 recitassem
569 1617 650 1676 simul
664 1618 778 1678 audisse
794 1619 954 1678 credebam.
978 1617 1129 1676 Praeterea
1140 1618 1214 1675 ueri·

212 1712 256 1761 tus
277 1719 339 1760 sum
359 1719 396 1760 ne
416 1718 470 1760 vos
490 1701 572 1759 festis
593 1701 694 1761 diebus
716 1702 938 1779 confunderem,
959 1703 983 1760 si
1005 1703 1033 1759 in
1052 1701 1215 1759 memoriam

212 1787 370 1862 gravissimi
385 1784 477 1845 luctus
498 1785 685 1845 reduxissem.
719 1784 800 1845 Nunc
823 1803 936 1864 quoque
957 1785 1103 1862 paulisper
1123 1784 1214 1842 baesi-

212 1871 268 1929 tavi
284 1869 311 1928 id
326 1869 417 1927 solnm
432 1867 509 1946 quod
524 1870 641 1928 recitavi
656 1872 797 1929 mitterem
811 1869 990 1946 exigentibus
1002 1870 1096 1943 robis,
1113 1886 1147 1927 an
1157 1867 1214 1926 adi·

185 1966 309 2018 3cerem
327 1970 400 2030 quae
419 1955 448 2011 in
469 1951 544 2012 alind
564 1953 698 2013 volumen
719 1955 816 2031 cogito
832 1971 990 2013 reservare.
1022 1951 1125 2029 Neque
1140 1954 1256 2014 enimttt

212 2036 371 2096 adfectibus
393 2038 464 2095 meis
485 2054 541 2096 uno
562 2037 661 2098 libello
684 2041 854 2098 carissimam
873 2037 939 2096 mihi
960 2047 990 2096 ει
1011 2037 1214 2096 sanctissimam

210 2122 373 2179 memoriam
394 2124 531 2199 prosequi
553 2124 621 2181 satis
637 2131 698 2198 est,
722 2125 801 2182 cuius
822 2122 911 2182 famae
933 2120 1015 2181 latius
1036 2118 1212 2196 consuletur,

183 2205 235 2269 asi
251 2204 414 2283 dispensata
436 2213 465 2264 et
486 2205 596 2284 digesta
618 2207 711 2266 fuerit.
742 2207 847 2266 Verum
868 2206 1016 2263 haesitanti
1036 2204 1103 2262 milii
1124 2205 1214 2263 omnia

211 2304 283 2367 quae
301 2291 355 2349 iam
371 2292 519 2367 composui
538 2290 620 2349 vobis
642 2290 824 2363 exhiberem,
844 2305 879 2344 an
900 2286 990 2343 adhuc
1011 2285 1104 2361 aliqua
1121 2286 1214 2346 differ·

209 2388 287 2446 rem,
310 2372 466 2450 simplicius
490 2381 519 2431 et
540 2374 656 2431 amicius
676 2372 767 2426 visum
788 2377 832 2426 est
848 2369 953 2440 omnia,
976 2370 1133 2442 praecipue
1149 2384 1255 2436 cum25

185 2456 363 2522 sedtimnetis
378 2456 449 2512 intra
462 2469 515 2510 vos
531 2454 637 2525 future,
661 2449 752 2508 donec
768 2448 882 2526 placeat
896 2449 1034 2506 emittere.
1066 2447 1150 2519 Quod
1166 2469 1213 2508 sn-

210 2546 326 2613 perest,
342 2550 414 2609 rogo
430 2543 460 2591 ut
474 2536 535 2610 pari
550 2531 747 2609 simplicitate,
765 2533 858 2609 siqua
873 2530 1068 2589 existimabitis
1084 2530 1212 2592 addenda

183 2615 404 2683 scommatanda
420 2614 588 2691 omittenda,
611 2613 742 2674 indicetis
757 2614 832 2673 mihi.
863 2613 987 2674 Difficile
1003 2623 1047 2674 εει
1061 2613 1212 2693 hucusque

208 2699 356 2759 intendere
377 2699 496 2756 animum
516 2699 544 2757 in
566 2697 681 2767 dolore;
709 2697 841 2776 difficile,
864 2698 917 2758 sed
932 2708 1025 2759 tamen
1039 2708 1070 2758 ιιι
1087 2699 1212 2779 scalpto-

207 2799 284 2857 rem,
300 2793 331 2842 ut
346 2784 501 2860 pictorem,
524 2785 572 2861 qui
587 2782 636 2842 filii
650 2784 739 2842 vestri
760 2785 910 2860 imaginem
931 2783 1056 2859 faceret,
1079 2783 1255 2848 admone-30

208 2867 277 2925 retis
294 2865 360 2944 quid
381 2867 557 2944 exprimere,
581 2867 647 2945 quid
663 2866 813 2928 emendare
829 2867 966 2945 deberet,
983 2869 1021 2926 ita
1036 2884 1081 2926 me
1097 2885 1212 2945 quoquc

208 2950 328 3009 formate
349 2951 459 3028 regite,
481 2953 528 3030 qui
544 2969 601 3010 non
616 2950 746 3029 fragilem
762 2962 791 3012 et
807 2951 941 3012 caducam
956 2950 1008 3011 sed
1024 2951 1211 3029 inmortalem,

207 3044 238 3094 ut
259 3050 312 3093 vos
334 3036 455 3113 putatis,
478 3036 605 3113 effigiem
626 3053 715 3095 conor
736 3036 869 3105 efficere;
893 3054 965 3115 quae
986 3036 1042 3095 hoc
1058 3033 1213 3095 diuturnior

208 3120 272 3195 erit,
290 3136 347 3197 quo
362 3120 457 3179 verior
472 3119 572 3181 melior
586 3119 743 3180 absolutior
756 3120 848 3180 fuerit.
882 3118 991 3182 Valeta.

681 3252 730 3314 xt.

421 3355 449 3409 o.
469 3354 595 3407 tuturus
611 3351 696 3406 iunio
717 3353 869 3404 cumdem
888 3354 947 3405 suo
966 3354 993 3404 s,

183 3462 193 3511 t
270 3452 324 3514 Est
339 3457 451 3515 omnino
465 3455 636 3516 Artemidori
650 3456 739 3514 nostri
753 3465 809 3516 tam
824 3457 945 3533 benigna
960 3465 1057 3516 natura
1072 3463 1102 3514 ut
1117 3456 1211 3517 officia

63 3666 172 3816 ’ἱ

1218 3215 1254 3268 35
