2588 4116
259 185 1014 285 nrisuuunuuucc.-cs.[70.-7rn.1a.---1s.]
1077 189 1139 251 aar

522 337 605 398 cxv.
629 336 749 415 [nxxu]

355 436 382 491 0.
402 436 528 488 PLINIUS
543 436 690 487 TRAIANO
706 437 914 488 IMPERATORI.

192 538 305 617 blegne,
325 541 447 617 domine,
465 551 494 602 et
510 540 545 600 ad
556 550 641 600 totam
656 542 831 620 provInciam
844 543 991 623 pertinens
1009 544 1165 620 quaestiot

133 632 179 683 est
194 622 230 683 de
248 623 410 686 conditione
426 635 455 686 et
477 625 615 686 alimentis
637 640 736 685 eorum
754 641 826 702 qnos
840 635 944 685 vocant
957 620 1138 703 θρεπτούς.

109 705 165 768 51n
186 725 241 786 qna
259 725 315 785 ego
331 708 431 770 auditis
448 708 696 769 constitutionibus
712 709 881 786 principum,
899 709 964 785 quia
978 708 1045 769 nibil
1062 711 1165 776 inve-a

132 790 244 851 aiebam
261 802 308 852 aut
325 795 470 870 proprium
489 803 536 852 aut
557 792 720 852 uniuersale
736 790 812 870 quod
834 791 869 850 ad
890 790 1027 865 Bithynos
1049 792 1139 854 ferre·

132 884 188 951 tur,
206 875 412 957 consulendum
427 886 457 937 tc
478 878 636 937 existimavi
656 876 724 953 quid
740 875 887 935 observari
899 874 1002 937 velles.
1036 875 1140 955 Neque

132 961 207 1019 enim
220 962 316 1037 putavi
339 978 428 1038 posse
444 978 489 1020 me
507 962 534 1019 in
551 977 588 1020 eo
604 959 681 1038 quod
700 960 896 1019 anctoritatem
912 969 987 1019 tuam
1002 972 1139 1039 posceret

132 1042 268 1120 exemplo
284 1062 351 1105 esse
369 1054 542 1104 contentum.
563 1043 747 1104 Recitabatur
758 1052 852 1103 autem
868 1042 943 1121 apud
957 1060 1002 1103 me
1017 1043 1165 1109 edictuma

90 1140 124 1191 10
133 1126 209 1205 quod
226 1127 374 1188 dicebatur
387 1127 445 1187 divi
459 1127 599 1205 Augusti,
622 1127 657 1187 ad
677 1127 796 1187 Anniam
817 1128 978 1205 pertinens:
1003 1129 1139 1188 recitatae

133 1219 163 1269 et
177 1209 318 1287 epistulae
335 1210 391 1270 divi
405 1210 572 1289 Vespasiani
587 1211 621 1269 ad
642 1210 883 1270 Lacedaemonios
904 1218 933 1269 et
957 1209 1013 1269 divi
1031 1210 1084 1270 Titi
1106 1211 1140 1272 ad

133 1294 253 1353 eosdem
274 1302 304 1355 et
319 1294 353 1353 ad
368 1294 519 1373 Achaeos,
539 1304 568 1354 et
581 1293 733 1352 Domitiani
747 1294 783 1351 ad
797 1291 928 1352 Avidium
947 1292 1093 1369 Nigrinum
1111 1305 1140 1355 et

133 1375 296 1437 Armenium
317 1377 477 1438 Brocchum
507 1375 714 1454 proconsules,
740 1379 808 1435 item
828 1375 863 1435 ad
884 1375 1140 1437 Lacedaemonios:

134 1479 207 1540 quae
222 1461 287 1520 ideo
308 1463 360 1521 tibi
379 1479 436 1521 uon
455 1464 535 1539 misi,
558 1463 622 1540 quia
637 1471 666 1521 ct
682 1478 780 1540 parum
796 1458 944 1519 emendata
959 1469 987 1518 et
1003 1461 1140 1538 quaedam

90 1553 190 1604 lunen
213 1554 309 1605 certae
331 1546 395 1605 lidei
416 1546 583 1606 videbantur
605 1554 634 1605 et
656 1547 721 1623 quia
734 1561 802 1603 vera
820 1553 849 1603 et
866 1541 1012 1603 emendata
1028 1546 1056 1603 iu
1071 1547 1140 1605 scri-

132 1631 186 1689 niis
200 1631 256 1689 tuis
274 1648 341 1690 esse
357 1629 519 1690 credebam.

510 1780 606 1841 nxvu.
625 1778 759 1856 [nuxis]
890 1870 893 1877 Ι

470 1880 635 1931 TRAIANUS
650 1880 754 1930 PLINIO
771 1879 797 1931 S.

89 1995 125 2047 20
194 1980 331 2053 Quaestio
347 1984 399 2043 ista
415 2001 487 2061 quae
504 1986 629 2061 pertinet
645 1983 680 2041 ad
702 1999 753 2042 eos
771 1985 817 2059 qui
835 1982 918 2042 liberi
933 1985 989 2042 nati
1005 1986 1163 2061 expositi,l

133 2065 236 2125 deinde
251 2064 354 2124 sublati
369 2083 385 2123 a
405 2066 573 2142 quibusdam
593 2075 623 2125 et
639 2067 667 2123 in
684 2066 822 2124 servitute
842 2065 955 2124 educati
970 2073 1035 2124 sunt
1051 2083 1139 2142 saepe

133 2156 251 2208 tmetata
272 2156 334 2224 est,
356 2166 411 2207 nec
432 2151 583 2226 quicquam
603 2149 744 2208 invenitur
765 2149 792 2205 in
814 2150 1022 2208 commentariis
1041 2166 1140 2207 corum

135 2233 292 2310 principum
313 2233 361 2309 qui
375 2241 440 2291 aute
454 2250 500 2292 me
516 2232 647 2309 luerunt,
671 2229 748 2307 quod
761 2228 797 2288 ad
813 2247 912 2290 omues
926 2232 1089 2308 provincias
1104 2232 1139 2291 sit

134 2318 325 2376 constitutum.
348 2315 496 2393 Epistulae
515 2334 584 2377 sane
601 2324 666 2376 sunt
682 2313 833 2374 Domitiani
849 2313 884 2375 ad
898 2313 1031 2372 Avidium
1046 2312 1168 2391 Nigri-2

89 2418 197 2471 25num
219 2411 247 2460 et
267 2400 431 2459 Armenium
454 2399 633 2478 Brocchum,
656 2416 729 2477 qnae
750 2398 873 2458 fortasse
895 2397 1018 2457 debeant
1040 2398 1141 2458 obser·

132 2487 206 2544 vad:
230 2484 282 2545 sed
301 2487 376 2546 inter
397 2502 447 2544 eas
468 2486 630 2563 provincias
653 2482 689 2542 de
710 2481 812 2560 quibus
829 2482 980 2559 rescripsit
999 2484 1142 2541 ...inter

133 2586 203 2646 quas
225 2577 270 2628 est
290 2567 433 2643 Bithynia3
463 2578 493 2629 et
512 2569 578 2629 ideo
599 2586 654 2629 nec
676 2565 867 2626 adsertionem
888 2563 1082 2644 denegandam
1104 2567 1140 2625 iis

133 2654 181 2730 qui
200 2670 236 2711 ex
251 2651 388 2711 eiusmodi
405 2669 490 2712 eausa
509 2654 536 2712 iu
553 2653 715 2713 libertatem
729 2650 946 2711 vindicabuntur
960 2659 1029 2729 puto
1045 2668 1139 2730 neque

132 2737 224 2814 ipsam
239 2734 399 2795 libertatem
414 2735 604 2796 redimendam
618 2737 712 2815 pretio
727 2734 930 2795 albuentorum.

89 2829 125 2882 ³⁰
536 2886 647 2951 nxvu.
660 2886 743 2964 [nu]

356 2987 384 3041 C.
401 2988 526 3038 PLINIUS
546 2987 691 3037 TRAIANO
708 2986 917 3037 llIPERA'IORl.

196 3106 304 3183 Legato
315 3105 497 3167 Sauromatae
513 3108 602 3186 regis,
621 3124 684 3168 eum
700 3125 751 3167 sua
765 3116 868 3185 sponte
884 3105 1020 3180 Nicaeae,
1038 3104 1085 3162 ubi
1097 3114 1166 3164 mel

133 3193 296 3269 invenerat,
324 3190 409 3250 biduo
438 3191 630 3269 substitisset,
658 3189 818 3268 longiorem
845 3205 951 3249 moram
972 3184 1140 3262 laciendum,

90 3285 125 3339 35
134 3275 258 3352 domiue,
274 3291 330 3334 non
343 3275 454 3354 putavi;
470 3277 599 3353 primum,
615 3274 690 3354 quod
702 3277 841 3334 incertum
852 3271 944 3331 adbuc
956 3281 1017 3331 erat
1030 3269 1141 3347 quando

134 3359 254 3419 libertus
271 3368 336 3419 tuus
349 3357 504 3433 Lycormas
518 3368 656 3419 venturus
670 3367 762 3433 esset,
780 3354 894 3431 deinde,
908 3353 985 3431 quod
996 3357 1059 3433 ipse
1074 3370 1140 3431 pro·

134 3442 285 3504 beiscebar
299 3444 327 3502 in
344 3441 484 3503 diversam
500 3443 663 3521 provinciae
678 3450 799 3520 partem,
814 3441 852 3499 ita
865 3438 952 3498 officii
966 3439 1141 3499 necessitate
