2588 4116
217 255 278 319 156
636 252 669 314 0.
690 253 787 314 PLlNl

214 425 287 488 quae
302 415 358 466 tam
368 424 490 482 recens,
505 415 560 465 tam
576 409 711 483 copiosa,
726 416 781 466 tam
796 405 860 480 lata,
877 406 1000 481 denique
1016 414 1070 462 tam
1085 406 1214 483 poetica,

188 501 243 556 tet
261 496 426 570 quamquam
447 491 474 548 in
490 490 647 550 verissimis
662 490 767 567 rebus,
788 499 844 549 tom
858 487 986 549 fabulosa
1003 484 1141 547 materiai
1163 487 1215 548 Di·

215 594 265 635 ces
286 575 400 634 inmissa
416 574 499 632 terris
520 591 591 632 nova
609 572 736 650 dumina,
759 590 850 632 novos
871 581 973 649 pontes
993 570 1152 631 fluminibus
1173 573 1214 631 in-

214 660 318 732 iectos,
333 660 443 716 insessa
459 658 558 716 castris
573 658 707 715 montium
721 657 850 735 abrupta,
867 654 980 734 pulsum
994 655 1084 730 regia,
1100 655 1215 732 pulsum

162 804 165 809 ,
215 743 299 802 eliam
314 742 371 799 vita
387 757 487 815 regem
509 739 577 798 nihil
600 740 812 819 desperantem3
843 738 1037 817 superhaec,
1067 747 1147 797 actos
1171 739 1241 801 bis5

214 824 384 902 triumphos,
403 839 520 899 quorum
535 823 607 882 alter
621 843 658 882 ex
669 825 774 884 invicta
787 832 874 900 gente
893 823 998 900 primus
1007 866 1024 897 ,.
1033 819 1105 880 alter
1119 823 1214 881 novis·

8 942 15 977 ς
89 908 92 913 ’
187 910 300 969 ὃεῐιιιιιε
319 906 380 965 luit.
400 905 461 964 Una
475 905 528 965 sed
543 908 660 965 maxima
674 907 841 980 difficultas,
858 905 933 983 quod
948 905 1018 964 haec
1033 922 1157 981 aequare
1174 905 1214 964 di·

8 984 12 995 '
216 991 306 1050 cendo
326 988 441 1048 arduum
463 990 634 1064 inmensum,
659 992 744 1050 etiam
766 1000 814 1050 tuo
836 991 971 1066 ingenio,
994 1005 1160 1066 quamquam
1174 988 1214 1048 al-

215 1072 325 1133 tissime
340 1073 473 1148 adsurgat
489 1081 518 1131 et
532 1072 712 1151 amplissimis
733 1073 869 1151 operibus
884 1074 1033 1132 increscat.
1065 1071 1130 1131 Non
1152 1072 1213 1130 nul-

215 1156 260 1216 lus
276 1166 305 1215 et
319 1158 347 1214 in
360 1155 410 1215 illo
424 1154 506 1214 labor
520 1165 550 1215 ut
567 1156 685 1216 barbara
699 1166 728 1216 et
741 1156 802 1216 iera
822 1159 948 1231 nomina,
972 1158 1001 1214 in
1023 1157 1119 1232 primis
1135 1158 1259 1232 regislo

190 1241 318 1318 lipsius,
335 1237 453 1300 Graecis
464 1240 595 1300 versibus
608 1257 665 1299 non
676 1238 823 1300 resultent.
855 1239 913 1299 Sed
926 1239 994 1298 nihil
1011 1238 1142 1316 estquod
1158 1256 1215 1298 non

216 1333 276 1382 arte
293 1340 427 1401 curaque,
446 1324 470 1382 si
485 1341 542 1382 non
556 1334 651 1402 potest
666 1325 752 1401 vinci,
766 1326 919 1400 mitigetur.
947 1322 1114 1398 Praeterea,
1130 1324 1154 1382 si
1169 1322 1215 1381 ds·

217 1415 262 1465 tur
275 1406 398 1466 Homero
416 1415 445 1465 et
465 1406 560 1467 mollia
573 1407 713 1467 vocabula
735 1417 764 1467 et
781 1406 888 1467 Graeca
908 1406 940 1466 ad
956 1405 1100 1466 levitatem
1114 1424 1215 1465 versus

216 1490 400 1565 contrahere,
426 1489 597 1567 extendere,
619 1491 784 1567 inflectere,
813 1510 862 1550 cur
882 1491 932 1550 tibi
951 1489 1049 1550 similis
1073 1488 1214 1565 audentia,

192 1576 382 1653 5praesertim
400 1590 456 1632 non
477 1573 598 1633 delicata
616 1575 668 1635 sed
682 1577 859 1651 necessaria,
882 1592 938 1633 non
960 1569 1061 1633 detur?
1093 1572 1213 1632 Proinde
1225 1581 1258 1632 15

215 1660 276 1717 iure
292 1667 385 1717 vatum
399 1659 535 1717 invocatis
550 1657 604 1734 dis,
623 1668 652 1718 et
663 1660 735 1717 inter
746 1675 799 1719 eos
811 1660 875 1735 ipso
887 1659 967 1717 cuius
981 1676 1029 1716 res
1045 1675 1132 1734 opera
1147 1674 1214 1716 con·

216 1740 280 1801 silia
294 1742 420 1801 dicturus
435 1759 478 1817 es,
496 1743 612 1800 immitte
626 1741 778 1819 rudentes,
801 1741 893 1819 pande
907 1740 988 1817 vela,
1007 1758 1040 1799 ac
1060 1743 1084 1801 si
1104 1740 1214 1818 quando

215 1824 295 1900 alias,
311 1834 372 1883 toto
387 1825 502 1902 ingenio
521 1825 637 1885 vehere.
666 1823 723 1884 Cur
737 1827 811 1885 enim
822 1843 878 1885 non
894 1841 950 1901 ego
967 1841 1081 1903 quoque
1098 1825 1215 1902 poetice

191 1914 281 1967 doum
297 1904 402 1985 poeta?
417 1907 491 1967 lllud
506 1910 560 1968 iam
574 1926 648 1968 nunc
660 1911 805 1988 paciscor:
826 1911 913 1988 prima
929 1925 1060 1986 quaeque
1075 1917 1105 1967 ut
1121 1907 1215 1967 absol·

214 1992 308 2067 veris,
330 1993 450 2068 mittito,
474 1994 558 2052 immo
580 1993 663 2052 etiam
684 2003 747 2053 ante
769 2011 852 2071 quam
872 1992 1021 2069 absolvas,
1043 1994 1117 2052 sicut
1135 2001 1257 2053 erunttto

190 2077 340 2134 trecentia
361 2085 390 2135 et
407 2076 484 2135 rudia
508 2085 536 2135 et
556 2076 646 2136 adhuc
671 2077 771 2137 similia
791 2076 983 2138 nascentibus.
1014 2075 1215 2154 Respondebis

215 2176 271 2217 non
287 2176 374 2237 posse
391 2159 508 2236 perinde
526 2161 642 2239 carptim
657 2171 686 2221 ut
703 2171 851 2236 contexta,
873 2159 990 2238 perinde
1012 2160 1141 2218 inchoata
1156 2157 1215 2236 pla-

15 2292 18 2299 .
116 2314 120 2321 .
216 2259 284 2301 cere
300 2251 329 2301 ut
345 2243 457 2303 effecta.
479 2243 555 2302 Scio.
575 2242 674 2322 ltaque
689 2255 718 2303 et
733 2263 748 2304 a
762 2262 807 2303 me
822 2243 1041 2302 aestimabuntur
1056 2250 1085 2299 ut
1101 2251 1216 2319 coepta,

215 2328 418 2403 spectabuntur
434 2336 463 2385 ut
483 2326 607 2385 membra
626 2337 835 2403 extremamque
853 2325 945 2381 limam
966 2332 1039 2380 tuam
1063 2326 1217 2398 opperien-

214 2417 260 2467 tur
275 2411 302 2467 in
315 2410 419 2469 scrinio
434 2418 542 2468 nostro.
563 2407 664 2466 Patere
680 2407 735 2465 boc
749 2425 795 2465 me
807 2422 895 2480 super
910 2413 1006 2463 cetera
1020 2403 1125 2461 habere
1137 2422 1215 2462 arno-
1226 2412 1260 2463 25

214 2494 252 2550 ris
264 2494 303 2548 tui
320 2494 422 2568 pignus
437 2500 466 2548 ut
483 2508 516 2548 ea
540 2506 653 2565 quoque
668 2489 757 2546 norim
774 2505 846 2564 quae
861 2503 949 2546 nosse
960 2486 1099 2545 neminem
1110 2486 1215 2547 velles.

188 2572 246 2636 &ln
260 2591 376 2648 summa,
389 2582 491 2649 potero
505 2571 627 2628 fortasse
644 2572 750 2646 scripta
764 2580 810 2629 tua
832 2572 920 2646 magis
944 2571 1066 2648 probare
1087 2569 1214 2648 laudare,

215 2665 317 2732 quanto
332 2653 380 2713 illa
395 2652 498 2713 tardius
515 2654 696 2730 cautiusque,
718 2655 769 2713 scd
787 2655 879 2732 ipsum
894 2663 924 2713 te
941 2655 1031 2730 magis
1045 2654 1144 2714 amabo
1158 2673 1215 2715 rna·

214 2740 317 2814 gisqus
334 2736 464 2812 laudabo,
482 2745 585 2814 quanto
602 2736 725 2798 celerius
740 2747 768 2797 ct
784 2740 920 2798 incautius
937 2739 1058 2798 miseris.
1089 2737 1170 2798 Vale.

696 2871 731 2931 V.

498 2970 525 3024 o.
545 2970 670 3021 ruimus
688 2971 808 3022 ommino
826 2970 885 3021 suo
904 2969 930 3024 S.

1223 2828 1259 2881 30

190 3087 204 3136 1
279 3072 369 3134 Grave
385 3074 486 3135 vulnus
502 3073 643 3138 Macrinus
657 3086 756 3136 noster
770 3076 893 3152 accepit.
916 3073 1017 3133 Amisit
1029 3090 1148 3132 uxorem
1160 3074 1215 3132 sin·

214 3157 318 3234 gularis
335 3159 475 3237 exempli,
498 3161 581 3219 etiam
596 3161 620 3219 si
636 3158 702 3218 olim
716 3159 827 3218 luisset.
856 3157 934 3216 Vixit
952 3156 1082 3216 cambac
1100 3158 1214 3232 triginta

213 3259 317 3300 novem
331 3246 409 3302 annis
426 3246 487 3303 sine
502 3245 609 3319 iurgio,
633 3245 695 3303 sine
711 3242 829 3301 offensa.
860 3240 949 3313 Quam
964 3240 1011 3299 illa
1026 3241 1257 3299 reverentiam35

128 3345 131 3350 ·
213 3327 312 3382 marito
329 3345 381 3385 suo
397 3328 545 3404 praestitit,
564 3345 627 3384 cum
637 3328 699 3404 ipsa
711 3343 844 3384 summam
854 3323 1025 3383 mercretur!
1043 3332 1111 3400 quot
1129 3340 1213 3399 quan-

214 3413 314 3480 tasque
334 3410 452 3469 virtutes
474 3427 511 3468 ex
533 3410 651 3469 diversis
673 3409 811 3469 aetatibus
833 3417 958 3483 sumptas
980 3405 1099 3482 collegit
1121 3416 1149 3464 et
1164 3407 1213 3463 mi-

186 3487 300 3546 2scuit!
320 3487 412 3551 llabet
433 3492 546 3570 quidem
566 3491 708 3553 Macrinus
728 3492 835 3570 grande
857 3490 993 3551 solacium
1013 3489 1089 3568 quod
1109 3498 1214 3548 tantum

13 3662 222 3816 rw..
