2588 4116
263 40 437 103 ιψίῑιιι..
483 39 655 93 ,arcaea
699 40 772 85 ιι
821 39 1087 74 muretum*

274 214 536 277 EPISTULARUM
547 227 689 282 utu-96.
706 221 874 298 [bh—97]
1006 222 1073 306 3231

350 344 396 423 d
442 366 544 428 xcvr.
565 367 703 463 [ncnc]

288 484 316 538 G.
335 484 460 536 PLINIUS
477 484 619 536 TRAIANO
638 485 847 539 rhenanuonr.

131 621 275 682 Sollemne
292 632 336 683 est
351 621 432 700 mihi,
451 622 579 700 domine,
602 625 693 683 omnia
709 622 863 700 dequibus
879 623 977 685 dubito
995 628 1029 687 ad
1044 638 1073 688 te
1087 642 1098 691 1

72 705 185 766 referre.
220 705 289 778 Quis
307 708 382 766 enim
401 716 499 784 potest
513 707 622 768 melius
637 707 685 767 vel
703 709 909 767 cunctationem
924 727 1013 770 meam
1027 728 1073 771 re·

72 809 138 866 pere
154 788 202 849 vel
223 790 408 868 ignorantiam
429 788 585 851 extruere?
612 788 828 870 Cognitionibus
848 790 884 851 de
906 791 1072 893 ¹Christianis

72 873 181 934 interlui
195 891 361 953 numquam:
383 875 448 935 ideo
463 877 562 935 nescio
575 875 642 954 quid
658 885 688 935 et
703 884 841 953 quatenus
857 885 905 935 aut
918 877 1011 955 puniri
1026 897 1072 939 so-

72 959 125 1018 leat
139 966 186 1017 aut
203 961 310 1036 quaeri.
332 956 395 1018 Neo
410 959 593 1019 mediocriter
607 959 745 1020 haesitavi
760 960 834 1020 sitne
845 959 961 1039 aliquod
973 961 1072 1023 discri-
1061 975 1098 1026 -2

72 1060 131 1101 men
152 1050 274 1102 aetatum
294 1060 329 1101 an
350 1042 504 1120 quamlibet
525 1043 617 1103 teneri
634 1043 702 1103 nihil
722 1062 739 1103 a
760 1043 970 1105 robustioribus
992 1046 1073 1106 dille·

72 1138 138 1202 rant,
155 1126 237 1199 detur
251 1127 441 1205 paenitentiae
456 1129 538 1187 venia
551 1146 586 1188 an
601 1129 628 1187 ei
641 1130 687 1226 qui
703 1129 815 1187 omnino
831 1125 1005 1190 Christianus
1020 1129 1074 1190 luit

72 1211 180 1271 desisse
193 1227 250 1269 non
265 1211 373 1288 prosit,
389 1227 492 1269 nomen
506 1212 610 1288 ipsum,
626 1231 650 1271 sn
644 1211 779 1287 flagitiis
796 1222 902 1288 careat,
917 1231 951 1271 an
967 1214 1072 1290 flagitia

72 1294 250 1353 cohaerentia
266 1294 370 1353 nomini
387 1293 544 1373 puniantur
577 1292 722 1353 lnterim
710 1314 742 1352 ιιι
763 1295 797 1352 iis
820 1294 867 1370 qui
888 1295 922 1352 ad
942 1314 987 1355 me
1003 1306 1072 1356 tam·

72 1395 151 1454 quam
170 1374 321 1437 Christiani
342 1376 543 1437 deferebantur
562 1377 638 1436 hunc
658 1394 721 1438 sum
741 1385 859 1437 secutus
875 1376 996 1437 modum.
1030 1378 1074 1439 ln·
1082 1389 1099 1442 3

72 1462 212 1559 terrogavi
226 1461 307 1560 ipsos
319 1478 354 1521 au
366 1471 464 1521 essent
481 1459 641 1521 Christiani.
665 1459 866 1521 Confitentes
857 1469 959 1520 uterum
970 1480 1004 1522 ao
1015 1472 1072 1522 ter-

72 1548 105 1604 io
120 1546 309 1623 interrogavi,
331 1544 503 1625 supplicium
518 1547 653 1605 minatus:
673 1553 895 1624 perseverantes
912 1544 1000 1605 duci
992 1549 1072 1607 russi.

72 1628 169 1707 Neque
188 1631 261 1688 enim
281 1629 458 1706 dubitabam,
481 1629 689 1708 qualecumque
711 1638 791 1690 esset
811 1627 887 1706 quod
904 1629 1070 1708 faterentur,

72 1714 251 1790 pertinaciam
266 1722 346 1775 certe
363 1722 393 1774 et
413 1712 597 1774 inflexibilem
613 1713 832 1774 obstinationem
846 1711 954 1774 debore
969 1717 1071 1793 puniri.

72 1796 191 1856 Fuerunt
206 1796 253 1856 alii
273 1797 373 1858 similis
392 1799 531 1858 amentiae
547 1815 637 1877 qnos,
660 1799 725 1876 quia
747 1799 827 1858 cives
846 1795 965 1858 Romani
981 1809 1099 1877 emnt,4
1121 1821 1127 1827 ·

72 1879 197 1940 adnotavi
217 1881 246 1940 in
266 1882 367 1942 urbem
386 1882 582 1943 remittendos.
619 1881 688 1942 hlox
709 1883 773 1960 ipso
794 1878 930 1960 tractatu,
959 1893 989 1944 ut
1011 1883 1071 1944 lieri

72 1963 159 2040 solet,
183 1963 355 2025 diffundente
372 1982 404 2024 se
425 1966 540 2024 crimine
556 1964 655 2043 plures
673 1966 790 2043 species
803 1964 970 2026 inciderunt.
1004 1966 1097 2028 Pro-b

72 2050 180 2126 positus
198 2057 244 2108 est
260 2047 376 2108 libellus
396 2049 459 2109 sine
476 2057 597 2107 auctore.
615 2046 767 2109 multorum
781 2051 893 2108 nomina
912 2050 1070 2110 continens.

72 2132 124 2204 Qui
144 2131 285 2208 negabant
309 2149 377 2190 esse
400 2149 433 2193 se
450 2128 624 2191 Christianos
639 2140 687 2191 aut
702 2130 809 2207 luisse,
832 2149 894 2190 cum
914 2143 1071 2209 praeeunte

72 2234 111 2274 me
128 2215 199 2274 deos
214 2212 393 2293 appellarent
410 2223 439 2274 et
453 2214 566 2313 imagini
582 2222 659 2291 tuae,
676 2232 759 2293 quam
773 2215 893 2292 propter
908 2216 963 2274 hoc
979 2217 1072 2277 iusse-

72 2317 125 2358 ram
146 2315 210 2358 cum
229 2297 388 2358 simulacris
408 2300 550 2357 numinum
565 2297 686 2377 adferri,
714 2307 777 2358 ture
798 2316 832 2358 ac
846 2299 912 2373 vino
928 2297 1072 2379 supplica·

72 2392 139 2460 ent,
156 2392 305 2461 practerea
320 2381 393 2442 male
410 2383 539 2443 dicerent
552 2379 676 2459 cbristo,
694 2399 813 2462 quorum
824 2380 892 2442 nihil
904 2399 993 2468 posse
1006 2387 1072 2461 cogi

72 2467 196 2526 licuntur
212 2469 259 2545 qui
274 2475 339 2528 sunt
354 2485 386 2526 re
401 2485 470 2526 vera
486 2463 655 2543 Christiani,
677 2466 857 2527 dimittendos
876 2486 943 2528 esse
966 2471 1070 2545 putavi.

72 2551 122 2609 dlii
137 2553 171 2611 ab
192 2551 287 2610 indice
309 2551 441 2619 nominati
462 2570 583 2613 essese
605 2548 781 2612 Christianos
802 2550 934 2613 dixerunt
955 2561 985 2612 et
1005 2565 1097 2619 mone

72 2630 255 2710 negaverunt;
275 2634 365 2693 fuisse
388 2635 520 2713 quidem,
542 2633 595 2697 sed
614 2635 743 2713 desisse,
767 2623 890 2714 quidam
892 2646 957 2698 ante
971 2636 1072 2737 plures

72 2734 171 2794 annos,
193 2733 250 2776 non
264 2733 348 2776 nemo
362 2720 445 2777 etiam
459 2727 524 2778 ante
538 2720 637 2796 viginti
652 2738 777 2799 quoque
807 2719 913 2784 Omnes
929 2724 982 2782 et
974 2724 1071 2802 imagi-

73 2819 130 2860 nem
145 2811 219 2859 tuam
242 2799 417 2878 deorumque
439 2801 588 2863 simulacra
607 2807 735 2865 venerati
756 2815 820 2866 sunt
842 2807 884 2884 [ii]
907 2816 935 2866 et
957 2803 1071 2867 Christo

72 2884 139 2944 male
161 2885 300 2946 dixerunt
336 2884 528 2946 Adfirmabant
548 2896 641 2947 autem
664 2887 737 2949 hanc
757 2889 848 2949 fuisse
870 2907 1004 2950 summam
1023 2890 1097 2954 vell

72 2969 169 3047 culpae
190 2986 258 3052 suae
274 2966 323 3028 vel
345 2971 466 3048 erroris,
489 2970 565 3048 quod
583 2967 682 3033 essent
704 2973 780 3034 soliti
797 2982 871 3035 stato
887 2973 933 3034 dic
949 2983 1013 3034 ante
1027 2973 1070 3033 lu·

72 3071 130 3113 cem
145 3053 298 3113 convenire
315 3071 487 3132 carmenque
504 3052 617 3116 Christo
632 3058 712 3134 quasi
733 3056 788 3117 deo
803 3057 900 3117 dicere
917 3074 1017 3118 secum
1030 3059 1071 3116 in·

72 3139 176 3215 uicem,
200 3155 291 3216 seque
308 3148 485 3199 sacramento
504 3157 561 3198 non
582 3141 610 3198 in
632 3140 728 3202 scelus
745 3138 861 3217 aliquod
876 3139 1069 3217 obstringere,

72 3220 118 3281 sed
132 3240 169 3282 nc
183 3222 267 3298 furta,
284 3241 320 3281 ne
331 3221 486 3300 latrocinia,
506 3242 542 3282 ne
554 3222 691 3284 adulteria
702 3225 922 3300 committerent,
937 3242 974 3282 ne
987 3223 1071 3282 fldem

72 3303 214 3380 fallerent,
233 3325 269 3365 ne
286 3305 448 3384 depositum
465 3306 602 3386 appellati
615 3307 805 3385 abnegarent:
829 3306 930 3385 quibus
944 3308 1070 3384 peractis

72 3407 173 3449 morem
190 3389 243 3449 sibi
260 3388 425 3449 discedendi
440 3388 542 3466 luisse,
560 3408 717 3468 rursusque
732 3389 766 3449 ad
782 3389 949 3470 capiendum
964 3391 1069 3469 cibum,

72 3476 258 3552 promiscuum
278 3484 371 3535 tamen
393 3482 423 3535 et
440 3474 597 3544 innoxium;
626 3473 703 3552 quod
723 3475 815 3553 ipsum
836 3475 935 3536 lacere
957 3474 1070 3536 desisse
