2588 4116
450 229 710 307 EPISTULARUM
724 228 762 290 lt.
784 246 808 293 1.
824 246 849 293 2.
1111 234 1151 295 23

146 393 176 444 et
193 383 277 442 stanti
293 384 357 461 ipso
372 380 501 458 pondere
524 382 639 460 elapsus
655 391 710 441 est.
744 381 825 442 Hunc
840 382 905 441 dum
926 386 1055 461 sequitur
1071 383 1151 443 colli·

148 469 265 544 gitque,
281 465 415 543 perleve
431 474 460 524 et
476 463 614 523 lubricum
630 467 818 543 pavimentum
832 464 948 525 fallente
963 469 1086 543 vestigio
1104 486 1151 527 ce·

148 549 215 619 cidit
237 565 395 626 coxamque
417 547 520 624 fregit,
548 566 621 625 quae
638 566 736 626 parum
756 558 821 626 apte
839 547 980 608 collocata
993 549 1151 610 reluctante

147 641 239 692 aetate
256 631 334 691 ⁴male
356 632 433 691 coiit.
468 629 556 690 Huius
577 633 630 690 viri
650 634 790 710 exequiae
810 650 941 709 magnum
962 642 1175 696 omamentum6

123 717 281 796 aprincipi,
298 732 430 791 magnum
445 714 580 792 saeculo,
596 733 726 792 magnum
742 716 825 774 etiam
841 716 904 774 loro
922 724 949 774 et
964 717 1064 775 rostris
1081 724 1151 774 attu-

147 799 251 858 lerunt.
284 796 424 858 Laudatus
439 807 484 857 est
501 816 517 858 a
538 797 658 858 consule
680 796 815 857 Cornelio
832 797 944 857 Tacito:
966 817 1028 858 nam
1044 799 1089 857 hic
1104 818 1151 859 su·

147 900 263 961 promus
279 880 407 942 felicitati
424 883 485 941 eius
500 881 627 941 cumulus
644 883 785 959 accessit,
805 882 933 941 laudator
949 881 1151 960 eloquentissi-

147 983 219 1025 mus.
249 964 285 1024 Et
300 965 350 1024 ille
366 965 479 1044 quidem
493 964 594 1043 plenus
609 967 687 1025 annis
700 966 778 1042 abiit,
795 964 898 1043 plenus
910 966 1077 1041 honoribus,
1093 965 1177 1024 itttst

148 1051 232 1108 etiam
252 1066 325 1127 quos
345 1050 503 1108 recusavit:
521 1049 604 1109 uobis
627 1058 719 1107 tamen
736 1050 913 1126 quaerendus
933 1066 967 1108 ac
989 1048 1152 1108 desideran-

106 1139 139 1189 10
148 1131 200 1191 dus
216 1141 261 1191 est
278 1141 308 1191 ut
324 1131 471 1211 exemplar
485 1134 547 1190 aevi
562 1133 681 1210 prioris,
703 1133 768 1191 mibi
783 1148 853 1192 vero
867 1134 1039 1211 praecipue,
1057 1135 1104 1208 qui
1120 1131 1151 1189 il-

148 1214 206 1273 lum
221 1232 278 1274 non
299 1214 391 1275 solum
406 1213 523 1293 publice
544 1224 676 1291 quantum
692 1214 846 1273 admirabar
865 1224 970 1274 tantum
986 1214 1151 1290 diligebam3

149 1300 269 1375 primum
292 1298 368 1374 quod
389 1294 501 1373 utrique
522 1296 620 1355 eadem
640 1299 739 1372 regio,
765 1299 917 1372 municipia
935 1298 1063 1370 finitima,
1091 1299 1177 1372 agri&

149 1383 234 1439 etiam
254 1380 515 1457 possessionesque
537 1381 721 1454 coniunctae,
747 1386 896 1455 praeterea
919 1379 996 1456 quod
1015 1376 1065 1436 ille
1087 1379 1153 1436 milri
1216 1378 1218 1383 '

148 1472 227 1523 tutor
240 1461 357 1522 relictus
378 1461 521 1521 adlectum
541 1464 665 1539 parentis
680 1461 815 1520 exhibuit.
851 1460 900 1520 Sic
917 1460 1093 1521 candidatum
1107 1478 1153 1520 me

105 1557 137 1607 15
149 1545 285 1622 suffragio
304 1547 428 1621 ornavit,
453 1545 495 1603 sic
516 1543 551 1603 ad
571 1560 669 1605 omnes
689 1544 814 1604 bonores
828 1561 908 1604 meos
927 1563 964 1604 ex
986 1545 1152 1605 secessibus

149 1630 321 1706 accucurrit,
340 1644 403 1688 cum
417 1630 471 1688 iam
488 1627 597 1705 pridem
612 1628 749 1689 eiusmodi
767 1628 869 1689 oilieiis
884 1630 1093 1704 renuntiasset,
1110 1630 1152 1686 sic

149 1711 199 1794 illo
218 1711 262 1771 die
286 1730 342 1790 quo
363 1709 530 1772 sacerdotes
550 1712 645 1772 solent
661 1714 804 1772 nominare
820 1729 892 1791 quos
909 1712 1091 1789 dignissimos
1108 1729 1151 1770 sa-

150 1794 279 1854 cerdotio
294 1795 417 1856 iudicant
432 1812 477 1854 me
494 1812 609 1872 semper
622 1796 789 1855 nominabat.
813 1795 886 1869 Quin
899 1798 982 1856 etiam
993 1798 1021 1854 in
1032 1796 1085 1855 hac
1100 1801 1177 1854 no-9

149 1880 262 1937 vissima
283 1877 436 1938 valitudine
452 1880 560 1938 veritus
580 1897 616 1938 ne
637 1880 711 1939 iorte
727 1882 800 1938 inter
819 1881 1022 1957 quinqueviros
1039 1896 1152 1938 creare·

105 1971 209 2037 aotur,
232 1963 280 2038 qui
302 1961 458 2022 minuendis
480 1960 603 2037 publicis
623 1963 781 2039 sumptibus
796 1961 900 2022 iudicio
916 1970 1031 2022 senatus
1047 1963 1152 2021 consti-

149 2044 311 2118 tuebantur,
331 2061 394 2101 cum
405 2043 447 2101 illi
461 2051 503 2100 tot
517 2045 598 2101 amici
615 2062 700 2103 senes
714 2043 936 2122 consularesque
951 2053 1150 2122 superessent,

148 2143 194 2183 me
210 2124 293 2182 buius
308 2127 408 2183 aetatis
425 2141 577 2201 perquem
593 2135 778 2184 excusaretur
790 2125 890 2203 elegit,
904 2125 949 2186 bis
964 2127 1077 2201 quidem
1088 2145 1151 2184 ver·
1169 2191 1171 2195 ,

149 2208 194 2266 bis'
211 2207 308 2265 ‘etiam
322 2208 347 2265 si
362 2204 447 2264 lilium
461 2204 610 2281 haberem,
627 2207 676 2266 tibi
691 2206 871 2264 mandarem!
906 2207 1014 2278 Quibus
1032 2227 1070 2266 ex
1087 2211 1195 2265 cau-10

150 2293 190 2350 sis
211 2307 334 2350 necesse
356 2297 401 2349 est
421 2297 560 2366 tamquam
581 2290 743 2347 inmaturam
762 2297 883 2346 mortem
905 2290 966 2348 eius
981 2291 1010 2347 in
1024 2291 1086 2347 sinu
1103 2298 1151 2345 tuo

106 2381 140 2431 25
151 2373 287 2441 defleam3
303 2374 327 2432 si
342 2382 434 2432 tamen
450 2373 492 2432 ias
508 2381 552 2431 est
567 2381 613 2431 aut
628 2372 698 2432 llere
713 2380 759 2430 aut
774 2372 886 2431 ornnino
900 2379 1020 2430 mortem
1035 2387 1151 2445 vocare,

152 2474 205 2535 qua
221 2458 288 2515 tanti
303 2457 355 2514 viri
368 2455 523 2516 mortalitas
539 2458 628 2533 magis
644 2457 719 2514 linita
734 2472 816 2532 quam
830 2457 887 2514 vita
901 2463 957 2515 est.
988 2454 1064 2513 Vivit
1080 2454 1198 2512 enimll-

150 2542 287 2617 vivetque
308 2557 424 2618 semper
445 2549 530 2618 atque
551 2541 633 2598 etiam
653 2539 736 2598 latius
754 2540 783 2597 in
803 2541 939 2598 memoria
962 2537 1104 2597 hominum
1125 2546 1154 2595 et

152 2639 284 2682 sermone
300 2624 475 2701 versabitur,
500 2631 651 2700 postquam
672 2622 707 2681 ab
723 2620 814 2681 oculis
834 2624 966 2683 recessit.
1003 2620 1087 2681 Volui
1103 2621 1153 2680 tibi
1163 2621 1196 2672 12

152 2704 239 2766 multa
259 2704 312 2764 alia
333 2706 480 2781 scribere,
502 2706 555 2765 sed
574 2715 650 2766 totus
668 2707 774 2764 animus
796 2707 823 2763 in
840 2704 894 2765 hac
910 2723 964 2765 uua
980 2704 1153 2782 contempla-

108 2791 228 2848 30tione
245 2788 355 2850 delirus
367 2799 421 2849 cst.
449 2787 614 2866 Verginium
629 2791 743 2865 cogito,
757 2788 921 2865 Verginium
935 2788 1037 2864 video,
1053 2788 1154 2864 Vergi-

152 2873 228 2930 nium
242 2874 295 2931 iam
310 2873 389 2933 vanis
404 2873 583 2949 imaginibus,
601 2872 766 2931 recentibus
779 2881 885 2949 tamen,
897 2873 991 2948 audio,
1003 2872 1153 2949 adloquor,

121 2965 125 2972 '
151 2965 252 3024 teneo;
272 2957 317 3015 cui
334 2956 456 3016 fortasse
474 2957 553 3015 cives
571 2955 683 3034 aliquos
702 2955 851 3015 virtutibus
871 2973 955 3034 pares
971 2965 1000 3015 et
1016 2955 1153 3015 babemus

152 3047 181 3097 et
195 3038 372 3116 babebimus,
391 3038 482 3114 gloria
495 3041 643 3098 neminem.
676 3036 756 3097 Vale.

632 3171 668 3230 n.
804 3170 821 3221 t.
854 3209 856 3213 .

427 3269 454 3323 G.
472 3270 597 3321 PLINIUS
614 3270 753 3321 PAULINO
773 3270 832 3319 sito
849 3268 875 3320 S.

214 3369 344 3447 Irascor,
370 3388 425 3429 nec
446 3368 536 3447 liquet
556 3371 623 3430 mihi
643 3390 678 3431 an
703 3370 838 3442 debeam,
866 3364 918 3425 sed
936 3366 1053 3424 irascor.
1089 3366 1177 3428 Scisl

152 3471 236 3532 quam
253 3455 290 3514 sit
306 3470 383 3513 amor
399 3455 511 3532 iniquus
525 3454 681 3528 interdum,
698 3455 830 3528 inpotens
843 3466 948 3528 saepe,
970 3448 1154 3527 μικραίτιος

107 3215 142 3269 35
