2588 4116
207 165 268 228 118
631 162 664 223 G.
686 163 782 223 Pttn't

206 318 348 396 proximo,
361 318 487 376 sarcinas
499 315 657 375 contulerat
668 319 696 374 in
709 334 807 391 nares,
826 325 920 375 certus
939 315 1035 392 lugae,
1054 318 1078 377 si
1096 327 1209 378 contra·
1288 302 1290 373 J

206 402 379 460 rinsventns
397 398 567 465 resedissem
589 416 645 477 quo
661 407 727 459 tunc
738 397 892 458 avunculus
908 415 988 458 meus
999 401 1209 462 secundissimo
1287 394 1290 469 Ξ

205 487 337 544 invectus
353 483 542 562 conplectitur
552 483 748 560 trepidantem,
760 481 938 558 consolatur,
955 481 1097 560 hortatur,
1119 493 1209 563 utque
1288 474 1290 485 '

206 571 336 627 timorem
348 569 411 626 eius
425 585 475 626 sua
488 569 639 626 securitate
655 565 774 642 leniret,
798 565 902 626 delerri
914 568 942 624 in
959 565 1101 626 balineum
1112 568 1209 628 iubet:

207 652 283 712 lotus
294 652 430 725 accubat,
452 659 533 708 cenat
549 659 595 709 aut
611 649 707 709 hilaris
723 659 786 725 aut,
810 649 887 728 quod
900 657 945 708 est
963 667 1055 728 aeque
1065 662 1236 729 magnum,5

165 738 199 793 13
208 734 306 796 similis
318 734 406 794 hilari.
425 733 540 792 lnterim
552 752 568 793 e
580 732 705 792 Vesuvio
721 743 817 792 monte
829 732 956 810 pluribus
973 735 1001 792 in
1017 733 1091 793 locis
1105 732 1209 795 latissi-

207 837 270 879 mae
279 819 404 879 dammae
412 816 525 894 altaque
538 817 667 876 incendia
673 815 851 893 relucebant,
863 834 981 895 quorum
988 815 1118 893 fulgeret
1126 816 1208 878 clari-

209 912 252 964 tas
259 901 383 962 tenebris
396 903 489 962 noctis
502 900 684 960 excitabatur.
700 899 754 960 Ille
766 903 918 978 agrestium
929 900 1116 979 trepidatione
1125 907 1208 977 ignes

207 984 325 1044 relictos
342 985 527 1061 desertasque
546 983 628 1042 villas
643 1002 696 1062 per
709 983 888 1044 solitudinem
902 983 1001 1044 ardere
1012 985 1040 1042 in
1050 984 1206 1043 remedium

208 1067 361 1127 formidinis
379 1068 532 1127 dictitabat.
554 1066 624 1125 Tum
636 1087 668 1127 se
684 1069 771 1146 quieti
782 1067 875 1143 dedit,
895 1077 924 1127 et
939 1069 1045 1146 quievit
1056 1069 1205 1126 verissimo
1219 1073 1251 1123 to

206 1151 320 1229 quidem
332 1167 439 1212 somno.
461 1149 531 1210 Nam
542 1161 650 1210 meatus
663 1154 785 1228 animae,
805 1153 851 1230 qui
866 1150 907 1209 illi
921 1159 1039 1229 propter
1049 1149 1206 1229 amplitudi-

206 1253 272 1294 nem
283 1238 412 1314 corporis
426 1238 540 1313 gravior
555 1246 583 1294 et
596 1238 739 1297 sonantior
751 1245 826 1311 erat,
842 1235 877 1294 ab
893 1236 928 1295 iis
942 1236 988 1311 qui
1004 1234 1089 1292 limini
1104 1235 1206 1292 obver·
1282 1248 1287 1256 '

165 1318 340 1380 ltsabantur
361 1317 533 1380 audiebatur.
567 1320 626 1380 Sed
640 1338 705 1379 area
720 1339 758 1379 ex
773 1337 827 1397 qua
843 1318 932 1378 diaeta
953 1318 1079 1378 adibatur
1100 1320 1138 1377 ita
1153 1320 1206 1376 iarn

208 1405 304 1464 cinere
319 1405 471 1482 mixtisque
483 1404 641 1481 pumicibus
657 1402 772 1481 oppleta
788 1411 947 1463 surrexerat
959 1411 1003 1478 ut,
1018 1403 1042 1460 si
1054 1399 1167 1477 longior
1179 1404 1206 1459 in

209 1485 341 1547 cubiculo
364 1504 458 1561 mora,
482 1488 574 1544 exitus
597 1496 758 1562 negaretur.
790 1485 936 1545 Excitatus
962 1483 1092 1562 procedit
1114 1503 1206 1562 seque
1219 1494 1248 1544 15

165 1580 198 1631 15
207 1569 399 1649 Pomponiano
411 1570 573 1645 ceterisque
585 1571 632 1647 qui
644 1569 880 1646 pervigilaverant
891 1567 989 1628 reddit.
1013 1566 1044 1626 lu
1059 1585 1206 1627 commune

208 1652 385 1728 consultant,
408 1651 479 1709 intra
492 1660 568 1710 tecta
582 1652 735 1712 subsistant
750 1670 785 1711 an
798 1655 826 1712 in
843 1663 942 1731 aperto
956 1660 1101 1728 vagentur.
1135 1648 1207 1710 Nam

207 1735 316 1796 crebris
332 1735 478 1812 vastisque
497 1735 666 1794 tremoribus
680 1744 755 1796 tecta
769 1736 900 1796 nutabant
914 1745 943 1796 et
958 1737 1037 1813 quasi
1052 1743 1143 1793 emota
1160 1752 1205 1793 se·

207 1819 288 1877 dibus
313 1819 371 1876 suis
394 1833 468 1874 nunc
489 1817 545 1877 huc
562 1835 636 1877 nunc
653 1817 722 1877 illuc
742 1819 820 1878 abire
842 1830 888 1879 aut
908 1818 1009 1879 relerri
1029 1818 1203 1878 videbantur.

165 1908 198 1962 16
208 1899 266 1959 Sub
285 1899 331 1959 dio
350 1917 448 1960 mrsus
466 1917 631 1979 quamquam
650 1901 755 1961 levium
775 1919 983 1982 exesorumque
1000 1904 1141 1979 pumicum
1159 1910 1248 1961 cano

207 2001 256 2042 sus
277 1983 470 2051 metuebatur;
492 1985 569 2064 quod
590 1996 683 2046 tamen
699 1985 891 2064 periculorum
909 1986 1023 2045 collatio
1040 1984 1137 2061 elegit.
1168 1981 1206 2042 Et

207 2066 281 2146 apud
296 2067 373 2127 illum
391 2069 503 2145 quidem
519 2072 589 2130 ratio
605 2073 757 2148 rationem,
786 2071 861 2148 apud
880 2069 951 2129 alios
973 2071 1102 2128 timorem
1123 2069 1207 2126 timor

206 2153 283 2210 vicit.
306 2149 466 2211 Cervicalia
482 2155 620 2232 capitibus
636 2155 757 2233 inposita
771 2153 865 2214 linteis
884 2155 1091 2228 constringunt:
1106 2150 1134 2210 id
1146 2168 1204 2208 mn·

62 2242 66 2248 '
164 2236 358 2294 linimentum
381 2236 516 2299 adversus
531 2238 681 2298 incidentia
704 2239 775 2297 luit..
799 2237 855 2296 larn
877 2237 937 2294 dies
959 2234 1041 2309 alibi,
1067 2232 1127 2292 illic
1147 2249 1205 2290 nox

207 2319 335 2379 omnibns
346 2320 477 2379 noctibus
490 2323 596 2397 nigrior
608 2321 792 2397 densiorque:
811 2335 892 2394 quarn
903 2327 995 2374 tamen
1007 2315 1086 2372 laces
1098 2313 1203 2373 multae
1214 2319 1247 2371 nt

205 2404 339 2481 variaque
356 2403 456 2461 lumina
471 2404 640 2462 solabantur.
674 2402 784 2461 Placuit
798 2398 898 2474 egredi
916 2400 944 2454 in
960 2397 1025 2453 litus
1043 2405 1072 2455 et
1087 2412 1124 2452 cx
1136 2411 1203 2472 pro·

204 2488 280 2544 ximo
291 2485 423 2562 aspicere
438 2484 541 2560 ecquid
555 2485 608 2542 iam
620 2501 695 2542 mare
710 2482 884 2546 admitteret;
900 2479 975 2556 quod
990 2477 1081 2537 adhuc
1092 2486 1203 2536 vastum

162 2574 196 2628 18
206 2579 233 2626 et
248 2566 396 2625 adversum
412 2565 604 2642 permanebat.
627 2564 669 2623 lbi
681 2581 767 2641 super
781 2562 921 2622 abiectum
932 2561 1048 2620 linteum
1062 2561 1204 2622 recubans

204 2647 293 2709 semel
305 2646 396 2726 adque
409 2648 508 2705 iterum
519 2646 647 2723 frigidam
658 2663 757 2724 aquam
768 2647 901 2725 poposcit
911 2644 1069 2723 hausitque.
1091 2644 1202 2705 Deinde

204 2732 329 2791 [lammae
350 2730 576 2807 flammarumque
596 2732 776 2808 praenuntius
795 2729 866 2790 odor
882 2728 1006 2808 sulpuris
1026 2729 1096 2788 alios
1115 2731 1142 2787 in
1159 2728 1245 2795 luto

160 2823 267 2892 legam
287 2822 416 2888 vertunt,
438 2814 563 2872 excitant
581 2813 669 2872 illum.
692 2813 816 2875 lnnitens
837 2813 958 2874 servolis
979 2813 1088 2873 duobus
1107 2813 1202 2873 adsur-

201 2901 285 2976 rexit,
302 2906 331 2957 et
345 2898 437 2956 statim
452 2895 590 2975 concidit,
606 2906 636 2958 ut
647 2915 704 2975 ego
719 2897 841 2976 colligo,
858 2900 998 2958 crassiore
1011 2897 1132 2975 caligine
1145 2899 1202 2975 spi-

201 2986 256 3043 ritu
272 2981 419 3042 obstructo
436 2979 591 3059 clausoque
606 2981 769 3060 stomacho,
789 2984 836 3060 qui
854 2980 894 3040 illi
909 2991 1006 3043 natura
1019 2981 1155 3040 invalidus
1174 2989 1203 3039 et

159 3074 341 3145 coaugustus
356 3075 385 3125 et
397 3065 563 3144 frequenter
573 3077 705 3127 aestuans
719 3076 788 3126 erat.
822 3065 876 3126 Ubi
891 3065 953 3125 dies
969 3064 1095 3125 redditus
1110 3065 1149 3141 (is
1167 3065 1202 3125 ab

97 3162 102 3171 ‘
202 3168 238 3211 eo
252 3168 336 3230 quem
350 3151 503 3211 novissime
515 3150 623 3211 viderat
634 3150 762 3229 tertius),
777 3167 881 3229 corpus
893 3152 1036 3210 inventum
1049 3151 1199 3226 integrum,
1209 3155 1244 3208 35

202 3234 340 3297 inlaesum
354 3244 541 3315 opertumque
562 3243 593 3295 ut
609 3235 701 3294 luerat
713 3233 841 3295 indutus:
853 3233 964 3294 habitus
979 3235 1108 3312 corporis
1123 3233 1201 3310 quie-

158 3322 190 3374 at
204 3321 295 3378 sceuti
313 3337 395 3398 mam
415 3319 550 3379 defuncto
570 3317 695 3378 similior.
727 3315 842 3379 lnterim
861 3315 964 3377 bliseni
982 3333 1038 3394 ego
1055 3326 1084 3375 et
1104 3325 1199 3374 mater.

204 3397 262 3458 Sed
278 3400 346 3459 nihil
361 3401 396 3461 ad
413 3401 576 3478 historiam,
593 3419 648 3461 nec
664 3411 694 3461 tu
713 3399 787 3461 aliud
806 3400 937 3479 quamde
955 3402 1031 3459 exitu
1051 3402 1111 3459 eius
1127 3401 1203 3458 scire
