2588 4116
394 237 658 300 PANEGYRICUS
679 249 771 303 31.32.
780 250 824 303 33.
1047 243 1110 307 257

102 389 149 464 gia
164 390 255 449 inania
269 399 298 449 et
313 407 403 450 vacua
418 401 446 450 et
458 390 558 451 similia
572 390 773 469 redeuntibus,
789 392 855 452 hinc
867 392 951 470 plena
966 404 995 455 et
1010 406 1110 458 onusta

11 505 20 512 -
104 481 134 531 et
152 471 244 550 qualia
265 473 361 534 solent
376 476 475 534 venire
493 477 652 553 mittantur,
682 479 882 554 conversoque
895 494 1011 538 munere
1026 477 1126 540 maris

102 555 168 615 binc
184 557 279 633 potius
300 560 377 617 uenti
397 557 525 619 ferentes
542 568 571 618 et
586 559 683 620 breuis
699 578 799 620 cursus
815 568 956 639 optentur.
996 559 1108 640 Mirum,

14 683 18 688 .
103 637 228 718 Caesar,
244 639 401 718 videretur,
417 644 441 703 si
458 640 586 702 desidem
600 641 764 721 Aegyptum
781 653 1000 723 cessantemque
1016 643 1110 705 Nilum

74 721 159 782 5non
175 726 317 784 sensisset
333 725 411 785 urbis
429 743 553 796 annona;
575 743 647 804 quae
661 728 717 787 tuis
733 727 852 806 opibus,
874 737 921 786 tua
936 745 1002 787 cura
1017 747 1110 808 usque

101 805 172 866 illuc
187 806 365 885 redundavit,
384 817 414 868 ut
429 808 511 869 simul
529 809 698 888 probaretur
711 819 741 870 et
756 826 808 871 nos
823 802 965 889 Aegypte
976 829 1065 890 posse
1081 821 1110 872 et

101 891 184 951 nobis
196 891 362 970 Aegyptum
376 910 475 953 carere
486 910 542 952 non
554 909 652 970 posse.
673 894 777 954 Actum
790 904 850 955 erat
862 894 897 954 de
909 894 1109 956 fecundissima

101 983 206 1052 geute,
222 978 247 1035 si
261 976 352 1036 libera
365 975 483 1036 fuisset:
504 976 629 1054 pudebat
644 976 800 1039 sterilitatis
815 977 964 1056 insolitae,
986 998 1042 1039 nec
1058 980 1108 1037 rni-

100 1074 155 1118 nus
173 1058 363 1119 erubescebat
374 1058 447 1122 fante
462 1078 544 1138 quarn
560 1061 764 1140 torquebatur,
784 1080 846 1122 cunr
862 1063 969 1140 pariter
982 1080 999 1122 a
1012 1071 1041 1122 te
1057 1080 1108 1122 ne-

54 1143 92 1194 10
101 1142 284 1202 cessitatibus
300 1144 362 1203 eius
376 1142 535 1220 pudorique
551 1145 720 1206 subventum
734 1155 788 1206 est.
826 1145 984 1224 Stupebant
998 1148 1108 1224 agrico-

100 1225 146 1284 lae
159 1224 245 1302 plena
259 1224 379 1303 horrea,
401 1244 473 1304 quae
494 1244 549 1286 non
562 1230 617 1305 ipsi
632 1229 836 1304 refersisscnt,
862 1229 964 1307 quibus
980 1229 1017 1288 de
1032 1248 1107 1289 cam-

99 1311 145 1387 pis
166 1307 215 1371 illa
237 1310 376 1370 subvecta
389 1311 510 1386 messis,
534 1327 626 1387 quave
640 1313 668 1369 in
682 1311 810 1389 Aegypti
824 1321 906 1390 parte
920 1310 992 1388 alius
1009 1315 1106 1372 amnis.

99 1390 143 1451 lta
158 1391 299 1466 beneficio
313 1402 364 1454 tuo
376 1411 431 1452 nec
446 1392 567 1470 maligna
579 1392 677 1471 tellus,
693 1405 723 1454 et
742 1394 907 1473 obsequens
920 1393 1107 1472 NilusAegy-
1143 1459 1145 1464 ,

100 1485 150 1554 pto
166 1476 279 1553 quidem
297 1495 401 1556 saepe,
428 1476 480 1536 sed
495 1477 605 1555 gloriae
625 1487 740 1538 nostrae
762 1496 910 1557 numquam
927 1476 1034 1555 largior
1055 1479 1106 1537 ilu-
1183 1500 1186 1504 ·

56 1562 148 1618 15xit.
171 1559 261 1632 Quam
284 1579 359 1621 nunc
378 1561 454 1620 iuvat
476 1563 637 1641 provincias
658 1579 757 1623 omnes
779 1565 807 1621 in
828 1562 912 1622 fidem
926 1572 1048 1622 nostram
1064 1561 1103 1621 di·
1117 1571 1158 1634 32
1235 1625 1239 1630 ,

99 1646 262 1722 tionemque
275 1647 408 1722 venisse,
428 1655 579 1725 postquam
594 1647 713 1724 contigit
727 1647 880 1726 princeps,
903 1647 950 1724 qui
967 1656 1118 1706 terrarum-

81 1774 83 1779 .
100 1727 300 1789 fecunditatem
311 1746 385 1789 nunc
397 1729 537 1790 bucnunc
552 1728 640 1808 illuc,
662 1740 692 1791 ut
705 1739 817 1809 tempus
836 1739 864 1790 et
880 1730 1039 1791 necessitas
1055 1747 1105 1808 po·

101 1821 208 1889 sceret,
224 1812 391 1874 transferret
405 1813 597 1893 referretque,
613 1815 661 1892 qui
677 1813 843 1895 diremptam
859 1816 927 1873 mari
944 1824 1060 1892 gentem
1075 1823 1105 1874 ut
1181 1829 1186 1881 ζ
1194 1866 1197 1871 .

100 1905 208 1973 partem
227 1895 348 1974 aliquam
363 1896 463 1976 populi
479 1896 631 1976 plebisque
646 1898 790 1959 Romanae
807 1898 897 1960 aleret
912 1916 946 1958 ac
961 1897 1104 1959 tueretur!

55 1978 136 2040 20Et
152 1978 234 2038 caelo
251 1980 364 2056 quidem
378 1997 527 2058 numquam
541 1981 701 2056 benignitas
715 1991 790 2043 tanta
800 1990 832 2041 ut
844 1999 942 2041 omnes
955 1980 1036 2041 simul
1047 1990 1104 2040 ter-

98 2081 144 2123 ras
159 2063 273 2122 ubertet
285 2061 450 2141 foveatque:
468 2062 515 2121 bic
527 2063 657 2123 omnibus
673 2067 794 2142 pariter,
812 2066 836 2125 si
847 2082 903 2124 non
914 2065 1103 2140 sterilitatem,

98 2155 127 2205 at
137 2143 207 2211 mala
225 2145 380 2206 sterilitatis
396 2146 540 2206 exturbat:
560 2144 623 2223 bic,
645 2149 739 2207 sinon
753 2146 973 2224 fecunditatem,
990 2156 1017 2206 at
1031 2145 1106 2206 bona

99 2229 281 2290 fecunditatis
296 2230 434 2307 inportat:
448 2229 495 2289 bic
510 2229 627 2288 alternis
644 2230 848 2291 commeatibus
861 2230 1007 2289 Orientem
1020 2228 1104 2289 Occi·
1156 2278 1160 2282 Α

101 2313 272 2392 dentemque
293 2316 436 2392 conectit,
463 2322 493 2373 ut
508 2331 581 2390 quae
597 2312 691 2374 ferunt
705 2332 837 2392 quaeque
854 2323 991 2392 expetunt
1006 2331 1104 2385 omnes
1193 2314 1197 2319 ’

55 2399 89 2452 25
100 2408 203 2475 gentes
226 2399 349 2458 invicem
371 2399 499 2477 capiant,
528 2405 557 2457 ct
577 2396 686 2458 discant
703 2408 807 2476 quanto
828 2397 959 2458 libertate
980 2395 1107 2456 discordi·

99 2483 289 2543 servientibus
304 2484 341 2543 sit
355 2482 449 2542 utilius
467 2498 552 2540 unuin
567 2500 634 2544 csse
650 2485 695 2541 cui
710 2483 842 2543 serviant.
868 2481 983 2559 Quippe
998 2482 1105 2541 discre-

98 2567 135 2625 tis
156 2565 269 2643 quidem
290 2566 372 2626 bonis
394 2567 515 2626 omnium
536 2584 588 2626 sua
603 2568 742 2645 cuiusque
756 2565 790 2626 ad
808 2566 937 2643 singulos
952 2561 1037 2634 mala3
1058 2582 1105 2624 so·

101 2650 181 2707 ciatis
195 2657 287 2709 autem
302 2658 387 2727 atque
403 2651 549 2728 permixtis
563 2650 740 2728 singulorum
753 2649 825 2711 mala
839 2651 874 2710 ad
891 2651 1047 2725 neminem,
1070 2648 1105 2708 ad

100 2749 198 2792 omnes
214 2733 336 2791 omnium
351 2733 425 2793 bona
441 2735 592 2812 pertinent..
620 2734 679 2794 Sed
696 2737 759 2795 sive
775 2738 858 2795 terris
873 2735 1002 2795 divinitas
1018 2728 1120 2813 quae?

56 2815 161 2875 30dam
174 2817 236 2875 sive
254 2814 355 2894 aliquis
370 2819 496 2877 amnibus
514 2819 633 2894 genius,
650 2828 679 2878 et
699 2818 792 2880 solum
806 2818 876 2878 illud
892 2829 921 2880 et
940 2818 1045 2878 flumen
1062 2818 1103 2895 ip·
1194 2874 1196 2878 .

99 2916 162 2960 sum
176 2917 282 2977 precor
295 2908 325 2958 ut
339 2899 393 2960 hac
407 2902 544 2981 principis
559 2901 733 2980 benignitate
750 2912 929 2980 contentum,
945 2902 1023 2962 molli
1038 2919 1103 2978 gre·

99 2986 155 3044 mio
171 2986 279 3044 semina
294 2983 445 3062 recondat,
460 2983 644 3063 multiplicata
658 2988 798 3047 restituat.
818 2987 883 3047 Non
893 2985 1007 3063 quidem
1018 3001 1106 3060 repo-

99 3068 204 3129 scimus
220 3067 318 3129 fenus:
334 3064 415 3147 putet
433 3078 527 3129 tamen
542 3087 608 3129 esse
620 3070 804 3148 solvendum,
821 3069 1010 3146 fallacemque
1022 3067 1104 3125 unius

98 3155 162 3213 anni
184 3152 267 3213 iidem
288 3153 419 3212 omnibus
440 3150 518 3213 annis
541 3154 728 3232 omnibusque
751 3163 854 3233 postea
880 3152 1004 3213 saeculis
1026 3157 1104 3209 tanto

56 3239 205 3315 senagis,
222 3238 356 3315 quianon
372 3238 527 3315 exigimus,
543 3247 673 3298 excuset.

163 3322 237 3380 Satis
260 3320 366 3380 factum
383 3339 437 3399 qua
452 3323 555 3380 civium
571 3338 626 3400 qua
639 3322 783 3382 sociorum
796 3319 970 3381 utilitatibus.
1003 3318 1102 3379 Visum
1114 3314 1170 3378 33·
1239 3350 1241 3355 ·

99 3414 144 3464 est
160 3405 357 3484 spectaculum
371 3404 436 3465 inde
450 3422 506 3465 non
519 3423 624 3465 enerve
636 3422 691 3464 neo
706 3404 827 3483 fluxum,
843 3422 898 3464 nec
911 3405 986 3484 quod
997 3406 1103 3465 animos

99 3487 223 3546 virorum
245 3489 370 3550 molliret
394 3499 423 3551 et
443 3489 604 3566 frangeret,
631 3487 684 3549 sed
704 3488 781 3569 quod
798 3489 832 3550 ad
854 3487 972 3568 pulchra
987 3489 1104 3552 vulnera
1135 3564 1139 3569 ⁵
1169 3552 1172 3556 A

142 3576 214 3629 Pumr
230 3577 280 3634 En.
859 3571 898 3635 lt
1198 3573 1202 3579 ’
