2588 4116
374 149 638 212 Ettsttttltttttt
653 152 688 210 v.
711 162 736 214 9.
761 156 837 230 (ar.)
1069 152 1110 215 99

102 303 169 381 ipso
185 301 298 362 diversa
318 303 394 381 quod
416 305 534 361 maxima
558 302 726 362 confundam
746 304 953 382 misceamque,
978 325 1014 366 ue
1035 315 1109 366 tauta

103 387 185 464 quasi
211 384 373 446 colluvione
389 386 516 446 turbatus
531 386 570 445 ibi
585 386 686 446 laciam
700 386 777 466 quod
791 387 839 447 hic
853 388 963 457 debeo;
986 389 1109 467 ideoque

102 470 214 528 interim
229 470 356 546 veniam,
377 487 413 529 ne
433 488 449 529 a
469 469 541 530 meis
562 470 658 530 verbis
682 469 831 547 recedam,
854 471 1010 531 advocandi
1031 482 1109 550 peto.

103 550 147 610 Tu
164 561 258 612 tamen
279 554 332 610 iam
348 570 424 612 nunc
448 553 543 629 cogita
564 570 636 631 quae
658 553 835 631 potissimum
858 562 986 634 tempora
1008 564 1151 633 aggretb

76 635 173 700 sdiar.
208 634 313 695 Vetera
335 646 363 695 et
384 636 490 713 scripta
514 633 597 697 aliis?
624 647 721 715 parata
735 637 897 716 inquisitio,
920 638 973 698 sed
989 657 1108 701 onerosa

105 717 237 778 collatio:
264 719 366 779 intacta
378 727 408 777 et
425 714 520 778 noval
547 720 642 795 gravis
658 720 798 800 offensae,
818 720 892 781 lovis
908 724 1008 798 gratia.
1039 721 1152 781 Nam13

104 811 220 879 praeter
237 800 265 860 id
282 802 358 878 quod
373 801 402 860 in
423 804 506 861 tantis
527 802 603 862 vitiis
627 802 769 862 bominum
793 802 874 883 plura
890 803 1028 883 culpanda
1044 815 1109 865 sunt

104 903 188 962 quam
201 884 352 961 laudanda,
374 894 449 962 turn,
468 887 492 945 si
507 883 683 964 laudaveris,
699 905 820 966 parcus,
838 889 861 949 si
879 887 1051 965 culpaveris,
1068 888 1108 947 ni-

103 969 176 1028 mius
192 967 282 1029 luisse
297 968 416 1034 dicaris;
438 969 564 1047 quamvis
586 964 656 1028 illud
675 970 858 1050 plenissime,
885 970 940 1030 boc
955 972 1107 1032 restrictis-

61 1052 176 1121 10sime
194 1050 310 1112 leceris.
342 1051 401 1111 Sed
416 1050 488 1112 baec
504 1070 550 1112 me
571 1070 628 1111 non
643 1054 798 1115 retardant:
822 1065 866 1117 est
883 1056 956 1114 enim
973 1054 1039 1115 milri
1055 1073 1106 1132 pro
1118 1061 1151 1113 14

104 1135 159 1195 lide
170 1136 239 1196 satis
247 1134 338 1193 animi.
361 1133 524 1213 llludpeto,
539 1147 719 1215 praesternas
734 1137 769 1197 ad
784 1138 860 1217 quod
870 1137 989 1198 hortaris
1004 1138 1107 1216 eligas·

105 1237 161 1297 que
177 1218 339 1295 materiam,
354 1237 390 1278 ne
406 1217 472 1277 milri
487 1220 541 1278 iam
555 1220 683 1279 scribere
702 1232 800 1298 parato
815 1220 869 1281 alia
882 1239 979 1282 rursus
995 1231 1107 1281 cuncta·

104 1303 190 1363 tionis
206 1311 235 1362 et
249 1319 345 1362 morae
360 1303 432 1362 iusta
447 1303 517 1361 ratio
532 1312 673 1362 nascatur.
705 1302 786 1364 Vale.

503 1433 707 1514 urrunnun]

406 1535 433 1587 u.
454 1532 581 1584 rutulus
599 1533 682 1584 Rt'ro
699 1534 759 1585 SUO
776 1535 804 1584 S.

167 1633 380 1695 Descenderam
396 1637 424 1695 in
441 1636 585 1696 basilicam
600 1635 714 1714 Iuliam,
737 1636 880 1696 auditurus
898 1637 1000 1715 quibus
1014 1637 1133 1715 proxi-1

104 1737 149 1779 ma
170 1719 466 1796 comperendinatione
488 1720 665 1799 respondere
687 1720 837 1781 debebam.
869 1720 1014 1780 Sedebant
1039 1720 1133 1784 iudi-u

106 1819 174 1879 ces,
196 1801 351 1862 decemviri
373 1813 527 1881 venerant,
554 1804 777 1865 obversabantur
795 1804 941 1881 advocati,
966 1804 1107 1865 silentium

59 1896 95 1948 20
104 1884 236 1962 longum,
257 1885 370 1945 tandem
390 1904 406 1945 a
423 1895 556 1964 praetore
575 1888 699 1946 nuntius.
727 1885 908 1947 Dimittuntur
929 1889 1104 1961 centumviri,

102 1969 234 2028 eximitur
246 1967 320 2043 dies,
335 1985 380 2027 me
394 1967 554 2045 gaudente,
577 1971 624 2046 qui
639 1987 787 2047 numquam
807 1971 845 2028 ita
864 1980 977 2048 paratus
998 1989 1060 2029 sum
1077 1978 1107 2027 ut

101 2070 159 2110 non
174 2067 251 2109 mora
268 2049 369 2109 laeter.
403 2048 494 2111 Causa
509 2050 650 2110 dilationis
665 2051 765 2130 Nepos
784 2062 915 2128 praetor,
933 2054 979 2130 qui
992 2052 1132 2128 legibus3

102 2134 221 2214 quaerit.
245 2133 436 2212 Proposuerat
456 2134 545 2193 breve
566 2133 707 2211 edictum,
728 2133 895 2193 admonebat
910 2144 1105 2210 accusatores,

101 2216 271 2278 admonebat
288 2233 355 2277 reos
377 2227 579 2278 exsecuturum
599 2236 632 2277 se
654 2235 726 2295 quae
749 2216 1015 2278 senatusconsulto
1038 2234 1105 2276 con-

47 2304 268 2374 ·sstiuerentur.
311 2300 432 2361 Suberat
459 2301 555 2361 edicto
576 2310 691 2361 senatus
715 2300 890 2360 consultum:
917 2299 973 2358 boc
995 2314 1132 2375 omnem

103 2386 231 2464 quisquis
252 2386 396 2461 negotium
419 2383 555 2462 baberet,
579 2385 671 2446 iurare
694 2385 773 2463 prius
793 2402 877 2463 quam
892 2392 1012 2460 agerent
1026 2382 1105 2442 iube-

102 2471 203 2530 bantur
223 2467 291 2528 nibil
311 2487 344 2529 sc
366 2469 403 2529 ob
424 2469 638 2530 advocationem
658 2470 789 2548 cuiquam
810 2467 927 2528 dedisse
939 2467 1106 2545 promisisse

103 2554 225 2614 cavisse.
254 2550 305 2611 His
320 2554 394 2613 euim
407 2553 504 2613 verbis
517 2571 552 2613 ac
569 2552 647 2612 mille
663 2561 813 2632 praeterea
825 2561 854 2612 et
869 2552 967 2611 venire
984 2550 1105 2610 advoca·

102 2637 195 2697 tiones
212 2645 241 2696 et
256 2637 310 2696 emi
325 2636 500 2695 vetabantur.
533 2637 659 2697 Peractis
673 2645 766 2697 tamen
783 2637 907 2713 negotiis
922 2635 1104 2714 permitteba-

55 2728 148 2790 30tur
161 2721 310 2799 pecuniam
325 2719 465 2779 dumtaxat
480 2718 581 2780 decem
600 2720 706 2779 milium
726 2719 803 2780 dare.
835 2719 898 2779 lloc
913 2718 990 2779 lacto
1005 2716 1129 2797 Nepos
1233 2708 1242 2723 ³

101 2804 139 2865 tis
156 2813 313 2865 commotus
329 2813 444 2882 praetor
460 2804 508 2881 qui
523 2802 769 2864 centumviralibus
783 2802 976 2882 praesidebat,
995 2800 1103 2862 delibe-

101 2897 212 2948 raturus
228 2906 262 2947 au
278 2897 449 2967 sequeretur
464 2886 643 2965 exemplum,
665 2887 837 2965 inopinatum
849 2886 932 2946 nobis
953 2885 1039 2945 otium
1055 2885 1103 2944 de·

102 2971 152 3031 dit.
185 2970 300 3031 Interim
323 2981 381 3030 tota
403 2971 517 3030 civitate
532 2969 653 3048 Nepotis
675 2969 798 3030 edictum
820 2971 944 3049 carpitur
968 2966 1131 3031 laudatumtt

101 3053 182 3115 ttutu
198 3056 366 3115 ‘invenimus
382 3053 430 3131 qui
445 3071 531 3113 curva
549 3054 715 3130 corrigeret.
739 3050 834 3126 Quid?
851 3061 916 3112 ante
931 3050 1006 3108 huuc
1021 3067 1103 3126 prae·

56 3149 92 3202 35
104 3149 182 3200 toros
203 3157 260 3198 non
280 3134 413 3199 luerunt?
435 3139 497 3215 quis
520 3146 613 3196 autem
630 3137 677 3196 bic
699 3146 744 3196 est
760 3137 808 3215 qui
823 3132 955 3195 emendet
970 3130 1103 3209 publicos

102 3218 239 3283 morosl'
275 3221 330 3282 Alii
353 3229 450 3281 contra
473 3221 644 3280 ‘rectissime
663 3219 746 3279 lecit:
775 3220 892 3277 initurus
912 3215 1103 3290 magistratum

102 3310 163 3366 iura
178 3308 328 3384 cognovit,
342 3313 457 3366 senatus
474 3302 601 3366 consulta
617 3302 704 3378 legit,
721 3301 847 3379 reprimit
862 3296 1040 3357 foedissimas
1055 3315 1102 3376 pa·

103 3392 233 3468 ctioucs,
259 3408 320 3450 rem
342 3387 557 3467 pulcherrimam
583 3386 744 3461 turpissime
772 3385 868 3442 venire
896 3398 952 3441 non
977 3382 1102 3459 patitur?

899 3463 939 3526 7*

61 1483 94 1533 lb
