2588 4116
352 509 387 591 G.
429 509 588 590 Pthl
631 509 865 590 tlutttt

526 656 692 717 suenum
827 662 832 671 ·

194 754 1026 904 rnuuuuutous.

166 1112 244 1171 Bene
260 1127 295 1170 ao
309 1111 471 1190 sapienter,
486 1120 582 1190 patres
599 1114 771 1191 conscripti,
792 1113 914 1171 maiores
930 1111 1140 1180 institueruntl

77 1204 132 1258 5ut
146 1213 241 1255 rerum
258 1194 429 1272 agendarum
443 1195 482 1254 ita
497 1194 609 1254 dicendi
624 1193 730 1256 initium
742 1213 757 1254 a
768 1193 980 1273 precationibus
993 1212 1108 1272 capere,

103 1279 181 1357 quod
195 1277 263 1337 nihil
277 1281 349 1355 rite,
370 1275 440 1339 nihil
454 1277 639 1357 prouidenter
652 1276 783 1338 homines
798 1278 861 1339 sine
878 1276 996 1336 deorum
1010 1279 1111 1337 inmor-

102 1361 199 1422 talium
221 1380 278 1440 ope
301 1360 423 1422 consilio
447 1361 558 1422 honore
581 1363 805 1441 auspicarentur.
849 1359 904 1434 Qui
920 1377 982 1421 mos
999 1361 1044 1420 cui
1060 1377 1111 1438 po-

101 1449 157 1507 tius
173 1463 255 1525 quarn
272 1444 400 1524 consuti,
422 1454 469 1506 aut
485 1445 599 1525 quando
614 1447 705 1524 magis
721 1444 899 1523 usurpandus
917 1444 1111 1524 colendusque

102 1539 148 1590 est
167 1547 250 1608 quam
272 1547 335 1590 cunr
355 1530 477 1608 imperio
498 1540 631 1607 senatus,
663 1531 832 1590 auctoritate
852 1530 895 1589 rei
920 1527 1053 1607 puhlicae
1077 1528 1112 1588 ad

10 1608 16 1697 l
61 1631 94 1683 ιο
101 1613 226 1690 agendas
242 1615 350 1691 optimo
366 1614 488 1693 principi
505 1616 611 1691 gratias
628 1610 804 1674 excitamur?
840 1611 925 1686 Quod
938 1613 1013 1672 eninr
1028 1630 1110 1690 prae·

101 1697 229 1759 stabilius
248 1706 354 1759 estant
370 1696 516 1776 pulchrius
531 1716 631 1758 munus
647 1697 765 1759 deornm
781 1715 863 1776 quam
884 1705 980 1759 castus
1001 1704 1031 1757 et
1048 1713 1109 1756 san-

102 1791 163 1842 ctus
179 1790 208 1842 et
223 1781 277 1843 diis
291 1781 449 1843 simillimus
466 1778 623 1861 princeps?
657 1782 702 1843 llo
723 1785 748 1844 si
768 1781 860 1842 adhuc
877 1780 992 1842 dubium
1007 1780 1111 1840 luisset

16 1870 21 1879 ’
100 1865 175 1925 lorte
191 1883 319 1944 casuque
332 1875 464 1926 rectores
479 1868 564 1926 terris
579 1884 614 1925 an
629 1865 724 1944 aliquo
739 1867 852 1926 numine
867 1866 1017 1941 darentur,
1034 1864 1109 1941 prin·

101 1950 195 2025 cipem
210 1957 302 2007 tamen
316 1957 445 2008 nostrum
459 1946 584 2024 liqueret
596 1947 729 2009 divinitus
742 1949 933 2008 constitutum.
959 1945 1024 2006 Non
1036 1949 1110 2005 enirn

57 2042 91 2092 15
104 2029 219 2090 occulta
233 2039 377 2108 potestate
390 2030 512 2090 fatorum
524 2029 577 2092 sed
589 2030 624 2090 ab
639 2029 710 2091 love
724 2032 790 2110 ipso
808 2048 902 2092 coram
914 2048 948 2090 ao
961 2030 1051 2108 palam
1065 2047 1109 2089 re·

100 2122 201 2194 pertus
221 2121 280 2182 est;
301 2112 414 2173 electus
432 2114 541 2192 quippe
555 2115 628 2174 inter
645 2132 708 2175 aras
723 2123 752 2174 et
768 2113 865 2174 altaria
879 2112 1038 2191 eodemque
1053 2111 1110 2172 loci

101 2215 186 2275 quem
204 2197 275 2258 deus
294 2196 344 2263 ille
365 2205 420 2257 tam
439 2195 607 2258 manifestus
629 2217 663 2258 ac
686 2213 824 2275 praesens
846 2213 929 2275 quarn
950 2195 1060 2256 caelum
1076 2212 1110 2254 ac

100 2280 194 2342 sidera
214 2280 326 2343 insedit.
370 2279 435 2354 Quo
456 2282 546 2358 magis
565 2291 660 2360 aptum
681 2283 819 2361 piumque
840 2289 885 2340 est
906 2288 952 2357 te,
981 2278 1111 2357 luppiter

100 2366 207 2444 optime
221 2367 359 2443 maxime,
375 2375 457 2426 antea
472 2364 665 2445 conditorem,
680 2383 756 2426 nunc
772 2373 1006 2425 conservatorem
1020 2364 1109 2440 impe·

56 2451 134 2517 aonii
148 2451 256 2526 nostri,
277 2451 390 2526 precari
405 2459 435 2510 ut
450 2449 517 2510 mihi
535 2449 619 2527 digna
636 2449 772 2525 consule,
790 2448 875 2527 digna
891 2456 1009 2524 senatu,
1027 2445 1111 2525 digna
1223 2526 1228 2531 Ι

100 2534 232 2611 principe
252 2533 397 2610 contingat
418 2535 526 2611 oratio,
553 2543 641 2614 utque
656 2533 785 2594 omnibus
801 2551 875 2612 quae
890 2532 1021 2593 dicentur
1034 2549 1049 2591 a
1064 2549 1110 2591 me

100 2615 219 2677 libertas
242 2613 312 2676 tides
334 2618 439 2678 veritas
454 2626 584 2695 constet,
611 2625 775 2697 tantumque
791 2635 807 2677 a
824 2618 926 2696 specie
941 2615 1109 2676 adulationis

100 2699 174 2759 absit
189 2700 341 2776 gratiarum
358 2702 433 2760 actio
448 2719 511 2761 mea
526 2710 657 2779 quantum
670 2703 752 2763 ahest
766 2719 783 2762 a
797 2702 981 2763 necessitate.

168 2780 308 2864 liquidem
327 2800 384 2844 non
406 2783 517 2846 consuli
537 2785 621 2844 modo
642 2785 696 2846 sed
718 2786 847 2847 omnihus
868 2785 977 2846 civibus
999 2775 1139 2844 enites-2

56 2866 166 2928 25dum
180 2885 248 2927 reor
260 2886 297 2927 ne
312 2867 379 2947 quid
393 2867 429 2928 de
446 2869 576 2947 principe
597 2878 695 2931 nostro
716 2871 754 2930 ita
777 2870 870 2930 dicant
893 2879 922 2928 ut
943 2868 1017 2929 idem
1038 2866 1110 2927 illud

100 2952 136 3012 de
157 2951 213 3013 alio
234 2950 290 3011 dici
311 2952 441 3029 potuisse
455 2952 592 3013 videatur.
630 2951 725 3026 Quare
741 2953 843 3014 abeant
857 2970 892 3012 aa
906 2952 1043 3013 recedant
1058 2968 1108 3011 vo·

101 3054 151 3097 ces
174 3035 241 3095 illae
265 3053 336 3114 quas
358 3045 450 3097 metus
472 3035 662 3114 exprimebat:
688 3035 756 3097 nihil
775 3036 859 3115 quale
881 3044 946 3095 ante
968 3034 1108 3101 dicamus;

99 3118 168 3180 nihil
185 3121 258 3180 enirn
273 3119 358 3199 quale
373 3128 456 3181 antea
471 3121 606 3199 patimur:
633 3139 697 3181 nec
709 3119 807 3181 eadem
829 3118 865 3178 de
887 3120 1019 3197 principe
1035 3134 1107 3195 quae

100 3205 179 3283 prius
194 3204 406 3282 praedicemus;
426 3223 521 3283 neque
545 3207 620 3265 enim
635 3204 733 3263 eadem
748 3220 822 3282 quae
837 3204 915 3280 prius
930 3209 1047 3262 secreto
1064 3199 1107 3260 lo·

55 3289 220 3367 soquimur.
256 3287 443 3349 Discematur
459 3289 633 3349 orationihus
648 3288 753 3347 nostris
768 3286 919 3351 diversitas
934 3294 1105 3364 temporum,

99 3381 127 3430 et
139 3390 176 3432 ex
188 3374 253 3451 ipso
264 3390 373 3450 genere
385 3374 537 3450 gratiarum
548 3370 719 3450 agendarum
729 3368 911 3449 intellegatur
924 3370 980 3447 oui,
994 3369 1106 3449 quando
