2588 4116
359 234 624 295 PANEGYRICUS
648 248 691 298 15.
705 246 746 299 16.
760 245 803 298 17.
818 247 860 299 18.
874 246 917 299 19.
1077 237 1141 300 249

127 390 254 450 hostium
277 387 417 466 obsequia
438 397 469 447 ut
493 389 649 450 vincendus
672 405 754 448 nemo
776 388 869 447 luerit.
910 387 1058 449 Pulchrius
1083 389 1140 449 boc
1183 433 1184 437 ,

130 473 261 533 omnibus
284 471 440 550 triumphis.
478 470 580 550 Neque
603 475 677 532 enim
698 489 829 549 umquam
848 473 903 530 nisi
924 489 960 530 ex
975 482 1139 549 contemptu

129 557 242 634 imperii
259 557 349 614 nostri
363 555 470 614 lactum
486 563 531 615 est
552 563 581 614 ut
597 558 787 616 vinceremus.
823 553 907 626 Quod
922 557 946 614 si
961 557 1024 633 quis
1039 555 1138 616 barba·

128 660 178 700 rus
194 657 247 698 rex
261 654 297 698 eo
317 638 485 698 insolentiae
505 637 667 717 lurorisque
689 641 865 718 processerit
882 648 912 698 ut
926 640 994 697 iram
1008 648 1084 698 tuam
1097 641 1139 698 in·

101 723 381 801 5dignatiouemque
407 731 565 799 mereatur,
591 741 628 781 ne
649 721 717 800 ille,
742 725 804 782 sive
830 721 969 781 interfuso
991 725 1060 782 mari
1087 741 1139 783 seu

130 806 291 866 fluminibus
312 807 448 865 inmensis
471 824 524 865 seu
547 808 697 884 praecipiti
724 815 819 865 monte
842 805 1020 883 defenditur,
1047 808 1139 866 omnia

131 891 204 949 baec
220 900 276 949 tam
291 907 381 967 prona
392 899 504 967 tamque
520 888 651 949 cedentia
666 890 815 949 virtutibus
832 891 887 950 tuis
904 891 1008 949 sentiet
1025 899 1055 949 ut
1071 889 1137 950 sub-

130 974 233 1036 sidisse
252 982 380 1050 montes,
404 972 515 1032 durnina
531 976 696 1050 exaruisse,
713 976 901 1051 interceptum
915 990 1009 1049 mare,
1025 972 1137 1033 inlatas·

130 1076 187 1136 que
209 1057 264 1118 sibi
287 1073 344 1115 non
365 1055 474 1116 classes
493 1066 605 1116 nostras
624 1056 676 1117 sed
693 1065 782 1116 terras
801 1059 877 1134 ipsas
894 1057 1053 1116 arbitretur.
1087 1056 1135 1115 Vi·
1149 1053 1188 1118 lt

88 1156 121 1208 ιο
129 1141 200 1202 deor
221 1144 276 1200 iam
297 1157 416 1198 cernere
436 1157 492 1198 non
511 1139 612 1218 spoliis
633 1142 839 1219 provinciarum
861 1149 891 1199 et
911 1150 1023 1199 extorto
1049 1143 1136 1201 sociis

129 1241 198 1284 auro
220 1223 272 1284 sed
293 1222 446 1282 hostilibus
466 1223 549 1282 armis
572 1232 775 1300 captorumque
795 1239 896 1299 regum
918 1225 1026 1282 catenis
1042 1225 1136 1282 trium·

129 1309 217 1387 phum
231 1323 362 1383 gravem:
383 1304 484 1364 videor
499 1306 623 1383 ingentia
637 1304 739 1364 ducum
750 1307 861 1364 uomina
871 1322 927 1363 nec
941 1304 1075 1366 indecora
1085 1323 1136 1365 no·

128 1390 251 1450 minibus
267 1406 389 1467 corpora
403 1389 562 1457 noscitare:
579 1389 679 1448 videor
693 1390 795 1447 intueri
810 1389 966 1448 inmanibus
982 1389 1058 1448 ausis
1074 1388 1136 1449 bar·

130 1477 261 1534 banorum
283 1482 384 1534 onusta
405 1472 515 1532 fercula
536 1483 565 1533 et
579 1489 629 1531 sua
646 1489 786 1551 quemque
802 1471 878 1532 iacta
893 1473 995 1538 vinctis
1009 1472 1136 1533 manibus

88 1564 120 1616 15
130 1567 315 1636 sequentem:
332 1574 398 1616 mox
412 1559 505 1635 ipsum
519 1565 548 1616 te
558 1554 712 1615 'sublimem
728 1559 934 1634 instantemque
951 1573 1033 1615 curru
1049 1555 1136 1614 domi·

130 1653 220 1702 tarum
241 1643 367 1718 gentium
388 1649 489 1717 tergo,
516 1649 582 1700 ante
604 1657 716 1699 currum
735 1646 829 1699 autem
851 1640 962 1718 clipeos
985 1656 1057 1718 quos
1072 1641 1137 1718 ipse

131 1725 301 1804 perfoderis.
333 1723 397 1783 Nec
413 1725 463 1783 tibi
479 1725 573 1801 opima
588 1724 745 1802 defuerint,
762 1726 788 1784 si
802 1725 865 1802 quis
881 1741 981 1800 regum
995 1725 1093 1783 venire
1107 1724 1136 1783 in

129 1827 226 1868 manus
247 1808 364 1885 audeat,
390 1826 446 1867 nec
466 1827 526 1869 uon
547 1806 632 1868 modo
653 1808 775 1868 telorum
789 1818 901 1868 tuorum
921 1807 973 1867 sed
989 1807 1136 1867 oculorum

131 1894 215 1952 etiam
228 1895 421 1970 minarumque
438 1893 599 1952 coniectum
614 1902 674 1961 toto
692 1909 791 1970 campo
809 1902 926 1970 totoque
943 1894 1071 1951 exercitu
1084 1908 1138 1969 op·

88 1985 121 2036 ιο
131 1977 225 2054 posito
242 1975 452 2054 perhorrescat.
490 1973 620 2034 bleruisti
635 1977 761 2052 proxima
775 1974 969 2034 moderatione
985 1985 1031 2050 ut,
1048 1993 1135 2052 quan·

130 2061 290 2135 documque
305 2067 334 2117 te
350 2057 398 2116 vel
413 2056 519 2117 inferre
534 2057 583 2116 vel
598 2057 767 2135 propulsare
782 2056 889 2116 bellum
905 2059 1036 2132 coegerit
1046 2060 1134 2133 impe·

128 2144 164 2201 rii
180 2140 316 2218 dignitas,
338 2157 394 2199 non
410 2139 478 2219 ideq
490 2141 598 2199 vicisse
612 2139 734 2206 videaris
748 2148 778 2198 ιιι
793 2139 996 2217 triumphares,
1019 2139 1071 2200 sed
1088 2141 1143 2216 tri-0

128 2224 265 2302 umpbare
281 2225 346 2302 quia
359 2224 473 2284 viceris.
507 2221 592 2281 Aliud
607 2240 645 2281 ex
659 2222 715 2282 alio
727 2219 793 2281 mihi
809 2224 944 2281 occurrit.
961 2220 1051 2293 Quam
1066 2229 1188 2300 spe-18

130 2311 242 2369 ciosum
263 2318 308 2368 est
332 2309 407 2366 enim
428 2304 505 2385 quod
527 2305 706 2383 disciplinam
728 2314 885 2366 castrorum
907 2305 1015 2383 lapsam
1042 2307 1130 2365 extin-

88 2410 120 2460 25
131 2402 261 2469 ctamque
276 2390 407 2452 refovisti
422 2390 545 2468 depulso
562 2391 665 2468 prioris
677 2389 786 2449 saeculi
800 2389 891 2466 malo,
908 2391 1007 2448 inertia
1022 2398 1050 2448 et
1066 2406 1134 2448 con·

130 2477 251 2535 tumacia
266 2484 295 2535 et
311 2475 512 2552 dedignatione
527 2471 666 2554 parendi?
691 2472 793 2533 'lutum
809 2482 853 2532 est
867 2474 1075 2549 reverentiam,
1092 2482 1134 2532 tu·

130 2570 188 2619 tum
209 2561 352 2618 caritatem
372 2561 492 2636 mereri,
515 2575 571 2618 nec
591 2558 702 2630 ducum,
714 2560 862 2636 quisquam
882 2565 930 2616 aut
950 2574 1006 2615 non
1019 2558 1135 2616 amaria

129 2641 263 2701 militibus
281 2650 333 2719 ,aut
352 2644 437 2701 amari
458 2645 551 2711 timet;
576 2651 605 2702 et
624 2641 690 2703 inde
706 2642 833 2702 offensae
849 2643 954 2719 pariter
967 2642 1134 2718 gratiaeque

130 2726 243 2801 securi,
265 2727 369 2784 instant
383 2725 535 2803 operibus,
559 2725 660 2785 adsunt
676 2726 943 2802 exercitationibus,
966 2741 1042 2783 arma
1056 2741 1134 2783 moe·

88 2811 175 2874 ionia
185 2810 262 2867 viros
273 2816 377 2886 aptant.
401 2807 515 2886 Quippe
530 2826 586 2868 non
600 2812 624 2869 is
637 2810 771 2885 princeps
784 2812 832 2889 qui
843 2810 898 2869 sibi
909 2811 1063 2884 inminere,
1080 2807 1134 2866 sibi

129 2891 237 2951 intendi
251 2901 331 2970 putet
347 2891 424 2969 quod
437 2894 466 2950 iu
479 2891 580 2951 hostes
595 2899 722 2970 paretur;
742 2911 815 2971 quae
833 2895 982 2972 persuasio
1004 2892 1056 2950 luit
1070 2890 1134 2950 illo·

129 2993 190 3035 rum
206 2976 271 3053 qui,
287 2975 400 3036 hostilia
416 2992 480 3035 cum
494 2975 639 3052 lacerent,
656 2977 799 3037 timebant.
823 2977 913 3036 lidem
929 2992 1000 3053 ergo
1016 2984 1134 3053 torpere

129 3060 257 3119 militaria
277 3059 368 3119 studia
387 3076 443 3119 nec
464 3061 571 3121 animos
591 3059 675 3119 modo
691 3059 788 3120 sedet
804 3076 926 3139 corpora
940 3061 1002 3137 ipsa
1016 3057 1133 3133 langue-

130 3162 232 3221 scere,
259 3142 370 3219 gladios
391 3145 476 3203 etiam
496 3145 603 3204 incuria
623 3143 752 3203 hebetari
772 3143 941 3220 retundique
963 3139 1132 3218 gaudebant.

88 3228 227 3295 35Duces
249 3244 335 3306 porro
358 3228 465 3305 nostri,
488 3245 544 3287 non
560 3237 615 3287 tam
629 3245 730 3305 regum
745 3236 907 3287 exterorum
921 3241 1004 3303 quam
1019 3239 1134 3282 suorum

129 3314 287 3389 principum
307 3310 440 3388 insidias,
461 3330 518 3370 nec
537 3321 593 3371 tam
606 3311 729 3371 hostium
744 3328 826 3387 quam
843 3307 1060 3369 commilitonum
1075 3323 1131 3365 ma·

128 3414 181 3454 nus
201 3395 365 3474 ferrumque
379 3395 549 3455 metuebant.
594 3392 647 3455 llst
666 3393 739 3452 haec
760 3403 857 3453 natura
872 3392 1011 3452 sideribus
1026 3399 1056 3449 ut
1067 3406 1129 3467 par·
1143 3392 1184 3453 to

127 3497 163 3538 va
178 3488 207 3539 et
223 3479 308 3540 exilia
329 3478 496 3540 validiorum
516 3487 633 3539 exortus
653 3477 805 3538 obscuret:
830 3476 961 3536 similiter
980 3475 1132 3552 imperato·
