2588 4116
208 224 268 289 188
630 219 663 282 G.
684 219 781 280 PLINl

207 375 335 455 profero,
355 375 522 453 praesertim
532 371 606 451 apud
620 382 661 450 te,
678 375 725 449 qui
737 387 792 432 nec
806 371 892 432 ullius
906 370 1015 430 invides
1033 368 1166 430 laudibus
1184 378 1213 430 et

207 461 288 520 faves
303 460 418 521 nostris.
450 456 531 517 Vale.
922 543 929 579 Ι

649 587 768 649 xxnn.
834 546 939 643 lli-ae

466 687 493 737 G.
512 685 636 738 PLINIUS
653 685 826 737 SnssltllnltO
845 681 904 733 SUO
926 680 952 735 S.
1224 715 1239 765 5

185 802 198 851 l
271 793 349 852 Bene
364 790 460 851 fecisti
481 789 559 868 quod
579 789 711 850 libertum
725 787 874 866 aliquando
891 786 941 845 tibi
959 802 1054 844 carum
1069 784 1211 845 reducen-

210 876 285 937 tibus
303 873 436 953 epistulis
457 875 529 934 meis
544 876 572 933 in
589 873 717 950 domum,
739 873 902 933 inanimum
920 869 1065 947 recepisti.
1100 867 1212 928 lnvubit

209 959 264 1019 boc
280 968 324 1018 te:
338 976 383 1017 me
396 966 475 1017 certe
487 959 577 1026 iuvat;
595 960 725 1035 primum,
741 955 818 1035 quod
829 964 857 1014 te
869 963 924 1012 tam
935 950 1114 1012 tractabilem
1124 953 1211 1012 video

209 1049 239 1099 ut
253 1041 281 1099 in
295 1041 336 1100 ira
351 1043 415 1117 regi
430 1042 544 1119 possis,
566 1040 686 1118 deinde,
710 1039 786 1118 quod
800 1048 904 1098 tantum
917 1035 985 1095 mibi
1000 1035 1102 1096 tribuis
1117 1045 1149 1095 ut
1162 1035 1212 1095 vel

210 1125 368 1185 auctoritati
382 1141 462 1184 meae
475 1141 576 1203 pareas
590 1124 637 1183 vel
653 1123 786 1201 precibus
800 1121 958 1198 indulgeas.
978 1118 1067 1196 lgitur
1081 1119 1166 1180 lando
1182 1128 1212 1180 et
1222 1126 1252 1177 lt]

210 1209 315 1284 gratias
331 1225 395 1286 ago.
418 1207 505 1267 Simul
519 1209 548 1267 in
563 1216 709 1286 posterum
722 1223 825 1268 moneo
840 1215 869 1266 ut
883 1214 912 1265 te
928 1203 1072 1264 erroribus
1088 1213 1212 1280 tuorum,

212 1293 266 1352 etsi
280 1310 337 1354 non
350 1293 434 1354 luerit
446 1294 494 1371 qui
509 1292 691 1372 deprecetur,
707 1289 877 1369 placabilem
892 1297 1032 1368 praestes.
1066 1286 1150 1347 Vale.

665 1425 752 1487 XXV.

462 1523 489 1574 o.
507 1524 632 1575 nunnius
649 1523 832 1574 unnrmnno
850 1521 910 1573 suo
929 1520 955 1570 s.
1223 1546 1252 1598 ,5

187 1638 201 1687 1
273 1623 409 1697 Quereris
431 1625 569 1686 deturba
593 1627 776 1686 castrensium
799 1623 995 1701 negotiorum,
1020 1632 1060 1681 et>
1074 1631 1214 1700 tamquam

214 1724 322 1769 summo
338 1708 396 1767 otio
416 1706 580 1785 perfruere,
605 1709 684 1769 lusus
703 1718 732 1769 et
747 1709 867 1786 ineptias
882 1717 995 1768 nostrus
1010 1706 1104 1783 legis,
1125 1723 1212 1784 amas,

214 1792 339 1867 ilagitas,
364 1806 467 1868 meque
486 1790 521 1850 ad
541 1790 642 1851 similia
663 1790 808 1852 condenda
826 1809 883 1851 non
906 1791 1090 1851 mediocriter
1103 1792 1213 1849 incitas.

187 1872 322 1951 alncipio
338 1873 412 1932 enim
432 1890 469 1932 ex
490 1873 546 1934 boo
565 1892 673 1951 genere
693 1875 848 1936 studiorum
868 1892 924 1935 non
939 1873 1030 1934 solum
1047 1873 1214 1934 oblectatio-

212 1975 277 2017 nem
291 1973 389 2016 verum
406 1959 488 2017 etiam
506 1958 624 2035 gloriam
638 1968 739 2038 petere
754 1969 821 2038 post
836 1960 968 2019 iudicium
979 1968 1066 2034 tuum,
1085 1959 1138 2016 viri
1149 1968 1252 2034 gra-20

185 2041 336 2117 3vissimi,
356 2040 554 2119 eruditissimi,
570 2060 604 2102 uc
621 2044 775 2121 superista
791 2045 941 2106 verissimi.
960 2040 1042 2101 Nunc
1058 2058 1103 2100 me
1118 2058 1215 2101 rerum

213 2134 292 2186 aetus
313 2123 426 2186 modice
448 2125 500 2186 sed
520 2136 613 2187 tamen
633 2127 797 2204 destringit3
819 2145 876 2206 qno
898 2128 975 2186 linito
990 2124 1094 2202 aliquid
1114 2142 1214 2184 earun-

213 2208 278 2268 dem
300 2207 483 2270 Camenarum
503 2213 532 2270 in
553 2213 636 2270 istum
658 2212 888 2289 benignissimum
908 2210 998 2268 sinum
1017 2209 1131 2266 mittam.
1171 2206 1216 2265 Tu

213 2292 388 2371 passerculis
410 2304 439 2355 et
461 2293 630 2354 columbulis
650 2297 754 2355 nostris
776 2297 849 2352 inter
872 2290 978 2369 aquilas
998 2299 1109 2349 vestras
1132 2290 1217 2350 dabis

212 2382 332 2454 pennas,
349 2378 374 2436 si
390 2385 481 2435 tumen
497 2386 526 2437 et
540 2377 594 2436 sibi
610 2385 640 2436 et
654 2376 704 2435 tibi
716 2374 883 2452 placebunt:
899 2373 923 2431 si
939 2379 1042 2430 tanturn
1061 2371 1127 2445 sibi,
1145 2389 1252 2441 con-ae

213 2460 344 2519 tinendos
357 2477 444 2519 cavea
461 2459 564 2517 nidove
580 2459 701 2517 curabis.
733 2456 819 2514 Vale!

659 2585 762 2646 xxvi.

481 2684 507 2735 G.
530 2685 654 2737 PLINIUS
673 2684 818 2738 murbaco
837 2683 897 2736 SUO
914 2683 940 2735 S.

187 2801 203 2852 l
274 2785 339 2845 Dixi
361 2787 396 2846 de
417 2786 537 2864 quodam
559 2797 671 2849 oratore
692 2786 800 2849 saeculi
822 2789 929 2867 nostri,
950 2796 1032 2848 recto
1055 2787 1170 2865 quidem
1186 2797 1252 2851 et3t

213 2887 294 2947 sano,
309 2869 361 2930 sed
372 2889 470 2949 parum
484 2871 581 2948 grandi
594 2882 625 2934 et
636 2883 745 2950 ornato,
758 2882 788 2932 ut
800 2874 911 2950 opinor,
927 2881 993 2951 apte
1006 2870 1086 2931 ‘nibil
1099 2883 1215 2951 peccat,

186 2955 265 3018 anisi
281 2955 357 3033 quod
374 2953 443 3015 nihil
458 2962 582 3034 peccat)
604 2956 701 3017 Debet
714 2959 788 3017 enim
804 2965 899 3017 orator
913 2957 995 3033 erigi,
1012 2955 1113 3032 attolli,
1129 2957 1216 3015 inter·

213 3037 278 3097 dum
294 3040 378 3099 etium
393 3039 604 3118 effervescere,
628 3042 742 3117 efferri,
767 3058 800 3101 ao
822 3057 911 3117 saepe
927 3038 1068 3100 accedere
1084 3039 1119 3099 ad
1133 3058 1216 3118 prae·

213 3140 294 3200 ceps.
317 3121 388 3183 Nam
402 3123 570 3203 plerumque
583 3124 646 3185 altis
660 3133 688 3183 et
700 3124 826 3185 excelsis
841 3123 969 3184 adiacent
982 3123 1114 3202 abrupta:
1128 3125 1215 3183 tutius

213 3225 266 3284 per
277 3207 360 3285 plana
375 3208 427 3269 sed
438 3208 571 3269 humilius
589 3217 618 3269 et
631 3207 797 3286 depressius
812 3209 880 3267 iter:
904 3206 1081 3285 frequentior
1099 3217 1252 3271 curren-35

214 3291 288 3351 tibus
308 3310 389 3369 quam
410 3293 585 3371 reptantibus
601 3291 717 3370 lapsus,
740 3292 792 3350 sed
813 3290 857 3350 his
877 3308 933 3351 non
953 3290 1113 3350 lubentibus
1127 3290 1214 3365 nulla,

186 3370 269 3432 3illis
284 3390 341 3433 non
360 3376 438 3436 nulla
457 3376 534 3450 laus,
559 3376 667 3435 etiarnsi
688 3373 827 3435 labuntur.
858 3373 928 3434 Nam
943 3383 972 3433 ut
988 3373 1122 3453 quasdam
1139 3383 1215 3434 artes

213 3453 253 3513 ita
264 3452 455 3532 eloquentiam
469 3458 536 3518 nibil
551 3460 640 3536 magis
656 3475 739 3541 quam
753 3459 884 3537 ancipitia
900 3457 1103 3518 commendant.
1126 3457 1215 3517 Vides
