2588 4116
113 199 173 263 us
534 195 568 256 o.
588 168 684 256 11111

112 354 167 412 lico
186 353 259 410 enim
274 352 328 409 iam
339 351 460 424 ratione,
475 349 540 427 quia
553 358 656 407 tecum.
677 347 748 406 Nam
761 348 817 407 hoc
832 364 948 426 qnoque
960 365 1019 407 non
1038 348 1117 410 dissi-

84 436 195 511 21111,
212 432 289 513 qnod
302 432 337 492 ad
351 449 429 492 mare
444 441 491 508 tu,
507 450 564 508 ego
582 431 616 491 ad
635 431 744 491 Larium
758 430 859 491 lacum.
882 430 973 490 llnius
988 432 1019 490 in
1035 431 1117 495 litore

110 520 209 599 plures
224 517 309 577 villae
323 534 414 591 meae,
430 516 483 576 scd
499 515 570 574 duae
586 517 704 575 maxime
719 523 749 573 ut
762 513 904 575 delectant
917 514 956 575 ita
969 527 1115 578 exercent.

109 602 209 663 Altera
223 600 346 679 inposita
357 601 432 659 saxis
443 615 522 657 more
533 598 637 659 Baiano
648 597 741 658 lacum
752 599 903 677 prospicit,
920 598 1012 659 altera
1027 618 1116 679 aeque

84 696 190 749 3more
207 686 312 745 Baiano
325 683 417 743 lacum
433 683 530 760 tangit.
563 682 663 761 ltaque
677 682 754 741 illam
771 681 963 759 tragoediam,
980 682 1056 743 hane
1071 696 1136 764 apt

112 770 221 849 pellere
240 766 417 827 comoediam
437 765 536 834 soleo;
559 765 653 842 illam,
670 766 746 843 quod
762 767 841 844 quasi
855 765 1019 843 cothurnis,
1035 767 1114 844 hanc,
1169 766 1172 775 '

112 853 188 931 quod
201 853 280 929 quasi
295 851 421 911 socculis
436 852 600 911 sustinetur.
632 850 689 910 Sua
699 851 812 927 utrique
828 851 982 909 amoenitas
998 861 1030 910 et
1044 861 1115 912 ntra-

86 945 168 1014 1111
184 933 342 1014 possidenti
359 935 424 1012 ipsa
445 934 608 994 diversitate
628 933 784 993 iucundior.
807 931 885 992 llaec
905 933 970 993 lacu
984 937 1115 1014 propios,

111 1019 159 1078 illa
180 1017 262 1077 latius
278 1019 378 1077 utitur:
400 1017 471 1078 haec
488 1037 572 1077 unum
588 1019 678 1077 sinum
697 1016 776 1077 molli
792 1017 952 1078 curvamine
968 1018 1116 1097 amplecti-

111 1113 168 1179 tur,
180 1101 228 1162 illa
240 1102 395 1162 editissimo
407 1100 493 1161 dorso
506 1102 577 1161 duos
591 1101 706 1161 dirimit:
730 1101 789 1160 illic
800 1109 879 1160 recta
890 1103 1015 1178 gestatio
1027 1101 1114 1180 longo
1123 1109 1151 1160 lo

111 1186 198 1244 limite
220 1203 307 1264 snper
324 1185 391 1244 litus
413 1185 588 1262 extenditur,
614 1184 661 1245 hic
681 1186 887 1264 spatiosissimo
905 1194 992 1259 xysto
1014 1186 1116 1246 leviter

112 1269 280 1330 inflectitur:
301 1268 349 1328 1111
363 1268 465 1329 fluctus
480 1285 536 1328 non
551 1271 654 1347 sentit,
675 1268 747 1330 haec
762 1269 880 1344 frangit:
905 1287 943 1329 ex
957 1267 1006 1330 illa
1019 1271 1115 1349 possis

113 1355 256 1433 dispicere
272 1355 427 1433 piscantes,
445 1371 481 1413 ex
492 1353 547 1414 hac
562 1354 624 1433 ipse
638 1354 742 1433 piscari
753 1352 919 1429 hamumque
932 1352 969 1412 de
981 1348 1115 1415 cubiculo

112 1456 146 1497 ae
161 1455 253 1517 paena
268 1439 351 1496 etiam
362 1436 398 1495 de
410 1436 518 1496 lectulo
531 1446 562 1495 nt
576 1456 593 1496 e
607 1435 727 1497 naucula
736 1438 840 1496 iacere,
863 1435 922 1495 llae
934 1436 1002 1496 mihi
1013 1455 1115 1500 causae
1170 1486 1173 1491 .

87 1524 224 1599 tutrique
246 1538 319 1597 quae
341 1519 442 1579 desunt
464 1519 625 1579 adstruendi
647 1521 684 1580 olr
706 1538 740 1579 ea
761 1537 835 1597 quae
856 1530 1017 1598 supersunt.
1057 1521 1115 1582 Sed
1123 1529 1151 1582 lt

113 1605 180 1684 qnid
196 1619 251 1680 ego
262 1604 405 1741 lrationem
424 1598 496 1661 tihi?
520 1604 595 1681 apud
611 1622 695 1682 quem
718 1620 771 1682 pro
788 1603 897 1662 ratione
917 1606 971 1663 erit
985 1606 1061 1666 idem
1077 1605 1115 1666 fa·
1172 1630 1175 1641 ·

4 1688 9 1700 ’
113 1705 188 1746 cere.
220 1687 299 1744 Vae.

573 1817 650 1878 Vlll.

364 1916 391 1969 o,
412 1916 538 1969 1111111
557 1919 723 1970 nuounmo
743 1919 803 1972 suo
821 1920 847 1974 s,
1122 1949 1152 2000 ,0

87 2029 100 2080 t
172 2018 202 2077 Si
217 2017 345 2078 laudatus
356 2036 372 2078 a
384 2028 414 2079 te
429 2018 543 2080 laudare
554 2031 584 2081 te
597 2040 735 2101 coepero,
749 2040 853 2083 vereor
866 2041 903 2082 ne
915 2038 972 2081 non
983 2031 1041 2082 tam
1049 2039 1116 2100 pro·

111 2103 188 2163 11111
206 2103 338 2163 indicium
354 2121 447 2163 meum
464 2122 547 2182 quam
563 2105 673 2167 referre
694 2108 811 2185 gratiam
833 2106 940 2167 videar.
973 2105 1033 2166 Sed
1047 2104 1118 2164 licet

110 2187 219 2264 videar,
233 2189 324 2248 omnia
340 2189 448 2266 scripta
463 2197 510 2248 tna
525 2188 716 2268 pulcherrima
731 2191 871 2266 existimo,
888 2191 1008 2249 maxime
1024 2198 1119 2248 tamen

111 2271 159 2332 illa
172 2271 208 2331 de
221 2272 314 2331 nobis.
336 2271 451 2333 decidit
464 2272 520 2332 hoc
535 2292 589 2332 una
605 2273 760 2351 eademqne
774 2273 810 2331 de
826 2290 919 2331 cansa.
939 2271 1012 2331 Nam
1031 2281 1061 2333 et
1075 2283 1116 2351 tu,

112 2373 186 2434 qnae
201 2356 237 2415 de
252 2356 362 2431 amicis,
377 2357 483 2432 optime
499 2356 602 2415 scribis
613 2365 643 2414 et
657 2371 731 2430 ego,
747 2371 820 2431 quae
835 2353 871 2411 de
886 2371 948 2428 mo,
964 2363 995 2412 ut
1010 2359 1153 2433 optimati

110 2439 188 2516 lego.
219 2437 299 2498 Vale.

565 2566 655 2626 Vllll.

396 2667 423 2723 (1.
441 2667 565 2721 PLINIUS
583 2665 707 2718 GOLONO
723 2663 783 2718 SUO
800 2666 826 2716 S.

88 2789 101 2840 1
175 2773 265 2832 Unice
286 2770 378 2848 probo
400 2770 476 2848 quod
498 2770 615 2850 Pompei
636 2770 777 2844 Quintiani
796 2779 888 2830 morte
911 2780 968 2831 tam
984 2769 1155 2839 dolenterao

109 2855 241 2916 adliceris
254 2863 285 2913 ut
300 2855 396 2914 amissi
412 2856 556 2915 caritatem
577 2854 719 2915 desiderio
741 2854 891 2922 extendam
909 2870 966 2915 non
984 2863 1015 2915 ut
1030 2855 1116 2934 pleri·

111 2958 179 3019 (pne,
192 2939 240 3018 qui
256 2947 363 2999 tantum
376 2938 509 3000 viventes
528 2949 619 3000 amant
636 2957 688 3001 seu
702 2940 797 3018 potios
811 2956 905 2999 amare
921 2956 954 2999 se
972 2939 1115 3018 simulant,

111 3042 145 3084 aa
156 3042 193 3083 na
209 3023 339 3084 simulant
353 3022 483 3104 quidem,
502 3024 556 3084 nisi
569 3041 641 3103 qnos
656 3023 792 3084 florentes
805 3021 911 3083 rident.
944 3020 1016 3083 Nam
1032 3025 1117 3084 mise·

110 3126 205 3168 rorum
221 3125 278 3168 non
289 3126 374 3170 secus
386 3125 421 3167 ac
432 3106 629 3168 defunctorum
641 3106 853 3168 obliviscuntur.
877 3107 935 3167 Sed
947 3107 997 3166 tibi
1012 3123 1116 3184 peren·

111 3195 156 3254 nis
174 3193 245 3254 ludes
265 3201 398 3272 tantaque
417 3193 446 3252 in
463 3210 559 3253 amore
578 3191 733 3253 constantia
751 3201 781 3252 ut
799 3192 871 3251 111111
885 3192 940 3250 nisi
954 3198 1002 3249 toa
1022 3197 1156 3251 morteto

87 3287 169 3339 anon
184 3278 285 3358 possit.
317 3275 355 3336 Et
374 3275 500 3337 Hercule
522 3279 547 3337 is
568 3276 619 3336 luit
640 3275 804 3349 Quintianus
819 3293 905 3355 quem
919 3273 998 3351 diligi
1013 3274 1116 3334 deceat

114 3361 203 3441 ipsius
220 3361 362 3442 exemplo.
384 3359 500 3421 Felices
513 3361 632 3439 amabat,
643 3361 765 3422 miseros
777 3361 918 3435 tuebatur,
936 3356 1115 3418 desiderabat

115 3443 245 3506 amissos.
277 3446 335 3506 lam
356 3444 404 3505 illa
421 3453 524 3527 quanta
537 3446 663 3526 probitas
681 3447 710 3505 in
726 3444 790 3505 ore!
816 3452 918 3522 quanta
933 3444 961 3501 in
981 3458 1115 3502 sermono

12 3688 104 3768 h
