2588 4116
410 200 671 262 EPISTULARUM
680 202 768 298 Vllll.
782 212 823 265 14.
838 215 881 264 15.
1089 203 1149 267 183

143 368 216 428 sem,
236 369 290 428 qua
304 351 439 428 flagrabat
453 351 527 431 apud
542 351 655 412 ordines
671 351 753 429 alios,
770 352 846 430 qnod
862 372 981 414 severus
992 356 1020 414 in
1033 366 1147 417 ceteros

144 435 324 494 senatoribus
332 434 402 495 solis
412 433 634 495 disimulatione
645 437 724 514 quasi
733 445 828 495 mutua
838 447 979 513 parceret.
997 436 1189 504 Haecactaaa

143 526 210 576 sunt
224 518 344 577 absente
355 516 459 586 Gert03
475 518 527 578 fuit
542 520 616 577 enim
629 536 682 577 seu
700 517 757 578 tale
775 518 880 597 aliquid
896 523 1056 596 suspicatus
1073 524 1146 598 sive,

143 608 176 658 ut
190 600 394 679 excusabatur,
411 602 543 661 infirmus.
576 599 614 661 Et
627 599 795 662 relationem
809 601 922 681 quidem
938 602 973 662 de
991 621 1027 664 eo
1043 602 1148 664 Caeam
1276 666 1279 671 ,

117 681 181 744 aad
195 692 322 743 senatum
333 685 521 753 nonremisit;
542 685 648 763 optinui
663 693 755 744 tamen
767 684 843 763 quod
861 686 1046 746 intenderam.
1076 686 1189 752 Names

142 765 260 841 collega
273 764 351 828 Certi
363 767 556 844 consulatum,
570 784 771 828 successorem
787 766 890 828 Certus
905 772 1034 847 accepit,
1049 770 1146 848 plane-

141 867 200 926 que
221 849 325 909 lactum
347 860 392 910 est
414 850 490 929 quod
510 851 634 910 dixeram
655 853 684 909 in
706 851 772 927 fine,
796 851 907 912 ‘reddat
924 855 1077 930 praemium
1092 854 1145 913 sub

141 933 249 1010 optimo
265 935 410 1012 principe,
434 932 546 1011 quoda
566 935 691 1010 pessimo
713 936 848 1010 accepit?
881 934 985 996 Postea
1004 937 1146 996 actionem

138 1032 244 1092 meam,
259 1026 412 1094 utcumque
427 1017 523 1094 potui,
541 1017 700 1092 recollegi,
721 1016 812 1076 addidi
829 1017 924 1078 multa.
957 1018 1072 1080 Accidit
1086 1020 1143 1078 for·
1154 1031 1189 1084 24

92 1099 256 1174 rotuitum,
277 1100 329 1159 sed
343 1117 400 1159 non
413 1108 553 1179 tamquam
568 1100 727 1176 fortuitum,
750 1099 826 1178 quod
848 1101 929 1160 editis
945 1100 1026 1163 libris
1042 1101 1144 1163 Certus

139 1183 215 1242 intra
229 1183 418 1258 paucissimos
435 1181 496 1241 dies
510 1181 654 1261 inplicitus
669 1184 768 1242 morbo
784 1183 919 1243 decessit.
949 1183 1053 1244 Audivi
1068 1185 1186 1249 refe-25

138 1273 239 1324 rentes
256 1263 329 1324 hanc
343 1265 492 1342 imaginem
508 1267 595 1324 menti
609 1267 682 1340 eius,
701 1265 774 1323 hanc
790 1265 882 1324 oculis
899 1266 1061 1343 oberrasse,
1077 1277 1144 1327 tam·

140 1364 227 1425 quam
242 1347 352 1407 videret
368 1365 413 1408 me
429 1347 484 1408 sibi
498 1365 562 1426 cum
579 1347 656 1407 ferro
671 1347 825 1407 imminere.
848 1347 960 1407 Verane
977 1348 1049 1407 haec
1064 1350 1145 1408 adfir-

139 1447 220 1489 mare
239 1447 295 1490 non
315 1431 418 1498 ausim;
451 1432 570 1491 interest
591 1440 684 1490 tamen
705 1429 829 1508 exempli
849 1440 879 1490 ut
898 1449 966 1491 vera
987 1430 1144 1492 videantur.

92 1519 129 1572 15
139 1512 237 1572 Habes
254 1512 413 1592 epistulam,
426 1514 451 1573 si
463 1513 576 1573 modum
591 1513 731 1592 epistulae
744 1515 869 1591 cogites,
886 1513 966 1573 libris
982 1533 1054 1591 quos
1070 1514 1142 1592 legi·
1152 1528 1186 1581 26

140 1597 179 1656 sti
193 1613 249 1655 non
262 1597 412 1665 minorem;
438 1596 491 1657 sed
504 1596 644 1676 inputabis
660 1597 727 1674 tibi,
754 1598 802 1674 qui
824 1607 972 1658 contentus
991 1598 1070 1661 libris
1086 1617 1143 1658 non

141 1679 227 1739 luisti.
261 1679 341 1739 Vale.

596 1761 689 1823 Xllll.
751 1738 791 1815 pf,
804 1782 820 1809 :r
830 1738 864 1815 ll-

419 1859 722 1914 o.ru1nuusnnorro
743 1852 801 1913 suo
821 1862 847 1914 S.

94 1969 133 2020 20
204 1959 267 2020 Nec
280 1963 343 2038 ipse
362 1930 412 2021 tibi
427 1960 538 2039 plaudis
553 1971 583 2019 et
602 1979 658 2037 ego
681 1960 748 2020 nihil
766 1966 855 2039 magis
879 1982 916 2022 ex
936 1965 990 2023 lide
1009 1983 1091 2042 quam
1107 1963 1166 2024 del

141 2054 171 2105 te
189 2043 296 2103 scribo.
318 2041 443 2103 Posteris
460 2060 494 2100 an
508 2042 602 2118 aliqua
616 2061 683 2101 cura
698 2047 787 2102 nostri
801 2049 912 2122 nescio,
926 2065 979 2106 nos
995 2057 1073 2107 certe
1085 2064 1143 2104 me·

140 2144 237 2187 remur
252 2135 282 2184 ut
298 2126 335 2184 sit
348 2123 456 2202 aliqua,
471 2141 527 2183 non
542 2124 607 2183 dico
622 2126 736 2201 ingenio
749 2126 793 2204 (id
808 2130 882 2187 enim
895 2129 1076 2206 superbum),
1092 2127 1145 2186 sed

140 2207 236 2268 studio
256 2219 285 2268 et
305 2206 403 2268 labore
424 2217 454 2267 et
475 2209 636 2267 reverentia
657 2217 847 2284 posterorum.
885 2210 1038 2286 Pergamus
1059 2210 1144 2269 modo

141 2295 243 2352 itinere
257 2292 402 2369 instituto,
420 2290 495 2369 quod
511 2300 541 2350 ut
555 2307 663 2369 paucos
677 2293 705 2349 in
720 2291 814 2350 lucem
828 2291 984 2371 famamque
999 2296 1143 2371 provexit,

96 2386 133 2438 25
141 2377 179 2436 ita
195 2374 299 2436 multos
310 2394 327 2435 e
340 2375 465 2448 tenebris
478 2382 508 2434 et
521 2373 635 2434 silentio
650 2373 776 2451 protulit.
806 2374 886 2434 Vale.

612 2489 673 2550 XV.

413 2589 440 2642 c.
460 2588 586 2640 ausurus
603 2589 743 2640 nnncour
762 2589 823 2640 suo
845 2587 870 2639 S.

205 2671 380 2748 Refugeram
397 2674 425 2731 in
445 2672 574 2751 Tuscos,
596 2683 626 2732 ut
647 2677 737 2734 omnia
752 2673 787 2734 ad
801 2674 944 2734 arbitrium
957 2691 1049 2735 meum
1066 2675 1168 2738 face-l

142 2774 217 2824 rem;
228 2754 267 2827 ¹ad
278 2755 334 2815 hoc
348 2772 385 2814 ne
399 2755 427 2812 in
441 2754 543 2816 'luscis
558 2756 684 2833 quidem:
705 2766 761 2816 tam
778 2757 873 2818 multis
885 2758 1007 2837 undiquc
1023 2760 1143 2818 rustico·

97 2855 204 2908 30rum
225 2835 331 2897 libellis
348 2847 376 2897 et
393 2846 449 2897 tam
464 2838 590 2916 querulis
611 2841 769 2917 inquietor,
793 2857 864 2919 quos
888 2840 1030 2918 aliquanto
1053 2845 1142 2919 magis

142 2923 245 2982 invitus
261 2939 343 2998 quam
357 2937 438 2981 meos
452 2920 535 2997 lego;
555 2939 621 2980 nam
636 2931 666 2983 et
679 2940 760 2983 meos
774 2925 886 2983 invitus.
918 2923 1053 2985 Retracto
1069 2928 1169 2984 enimn

141 3005 316 3065 actiunculas
338 3005 487 3082 quasdam,
515 3005 592 3082 quod
612 3014 678 3083 post
699 3006 941 3085 intercapedinem
961 3011 1098 3086 temporis
1114 3019 1144 3067 et

141 3088 274 3164 frigidum
291 3097 320 3148 ct
340 3088 475 3148 acerbum
495 3097 549 3147 est.
578 3086 714 3149 Rationes
734 3093 813 3166 quasi
835 3090 954 3149 absente
976 3109 1021 3148 me
1043 3091 1143 3166 negle-

143 3180 254 3249 guntur.
287 3169 430 3230 Interdum
449 3179 542 3230 tamen
559 3189 662 3250 equum
678 3172 843 3232 conscendo
858 3181 887 3230 et
900 3181 1010 3249 patrem
1022 3172 1169 3231 familiac3

100 3263 134 3316 35
145 3253 282 3314 hactenus
299 3272 372 3332 ago,
394 3252 469 3332 quod
483 3253 603 3332 aliquam
622 3262 730 3332 partem
747 3252 942 3331 praediorum,
958 3252 1008 3312 sed
1025 3272 1076 3332 pro
1091 3273 1144 3331 ge·

144 3338 265 3398 statione
286 3355 434 3416 percurro.
461 3337 503 3396 'lu
521 3338 752 3396 consuetudinem
766 3337 1143 3416 servanobisquesicrusti·

145 3422 186 3480 cis
200 3421 305 3481 urbana
318 3430 381 3481 acta
396 3420 553 3499 perscribe.
586 3418 668 3480 Vale.
