2588 4116
191 252 252 316 134
611 249 644 310 C.
667 249 764 309 PblNl

190 401 338 464 admodum
355 402 498 480 coeperim
514 400 652 478 scribere,
669 401 765 478 homo,
781 410 811 460 ut
826 401 875 461 tibi
890 381 999 480 videod,
1013 420 1144 479 severus,
1164 414 1194 463 ut

167 489 254 567 aipse
269 486 371 561 iateor,
386 501 444 544 nou
458 486 580 562 ineptus.
607 483 763 562 Numquam
779 487 924 563 apodtiee
941 486 1040 562 (altius
1058 489 1132 545 enim
1147 506 1192 546 re-

192 569 303 649 petam)
332 569 440 628 alienus
467 567 523 638 fui;
549 569 722 645 quinetiam
747 568 970 646 quattuordecim
996 579 1077 630 natus
1103 588 1192 629 annos

192 652 328 713 Graecam
341 651 514 729 tragoediam
529 652 640 729 scripsi.
665 649 803 724 Qualem?
818 653 920 730 inquis.
942 652 1064 712 Nescio:
1079 661 1191 730 tragoe-

158 748 176 800 3
192 736 236 797 dia
249 736 411 797 vocabatur.
434 733 511 810 lllox,
529 752 592 793 cum
609 753 625 792 e
638 734 734 794 militia
747 734 865 796 rediens
880 737 909 795 in
921 735 1009 796 lcaria
1021 736 1111 797 insula
1122 742 1214 796 ven-5

191 824 228 880 tis
243 819 402 894 detinerer,
423 817 536 877 Latinos
556 817 657 895 elegos
670 820 697 878 iu
712 817 782 877 illud
796 820 888 896 ipsum
903 837 979 879 mare
990 822 1138 898 ipsamque
1152 824 1191 879 in·

193 902 282 964 sulam
296 902 364 960 ieci.
384 899 527 979 Expertus
542 919 604 962 sum
618 920 663 960 me
678 901 826 980 aliquando
842 911 870 961 et
880 903 986 980 heroo,
1002 903 1190 978 hendecasyl-

191 986 265 1046 labis
280 1002 355 1045 nunc
370 986 499 1063 primum,
516 1002 635 1062 quorum
649 986 696 1045 hic
709 985 819 1060 natalis,
831 985 904 1045 baec
920 1004 1004 1046 causa
1019 996 1072 1046 est.
1101 987 1192 1065 Lege-

189 1069 289 1129 bantur
300 1070 329 1127 iu
344 1067 511 1128 Laurentino
526 1069 592 1128 mibi
611 1068 676 1129 libri
689 1069 769 1129 Asini
787 1066 858 1128 Galli
873 1069 909 1129 de
928 1071 1128 1146 conparatione
1143 1089 1191 1149 pa·

188 1154 239 1212 tris
251 1161 280 1212 et
295 1149 456 1212 Ciceronis:
467 1152 563 1212 incidit
575 1154 746 1230 epigramma
759 1149 906 1213 Ciceronis
918 1154 946 1211 in
958 1152 1089 1213 Tironem
1100 1172 1188 1212 suum.
1201 1166 1233 1217 10

159 1236 280 1314 4Deiu,
297 1253 360 1295 cum
377 1235 495 1295 meridie
512 1237 588 1314 (crat
607 1237 680 1296 enim
697 1236 807 1314 aestas)
823 1235 990 1296 dormiturus
1005 1254 1050 1296 me
1064 1240 1191 1314 recepis-

188 1339 250 1380 sem
264 1339 320 1379 nec
335 1320 490 1398 obreperet
506 1337 636 1396 somnus,
660 1321 744 1398 coepi
762 1328 894 1399 reputare
914 1322 1048 1380 maximos
1063 1331 1191 1381 oratores

187 1405 245 1464 boc
261 1402 344 1464 studii
360 1422 451 1480 genus
464 1412 493 1463 et
507 1405 535 1462 in
550 1403 788 1464 oblectationibus
804 1403 937 1464 habuisse
953 1406 1024 1463 etin
1039 1403 1122 1464 laude
1140 1422 1190 1483 po-

162 1491 292 1551 aruisse.
329 1485 439 1545 lutendi
457 1487 577 1546 animum
595 1495 749 1564 contraque
765 1488 926 1564 opinionem
940 1505 1030 1546 meam
1046 1496 1112 1567 post
1130 1488 1190 1548 lon·

188 1589 253 1647 gam
265 1567 479 1629 desuetudinem
491 1585 627 1646 perquam
639 1571 743 1645 exiguo
755 1572 892 1647 temporis
904 1579 1047 1630 momento
1060 1571 1088 1630 id
1099 1575 1191 1649 ipsum
1200 1578 1231 1629 15

175 1646 265 1730 'quod
280 1670 325 1711 me
337 1650 371 1710 ad
383 1649 564 1710 scribendum
576 1650 779 1711 sollicitaverat
793 1653 837 1712 bis
853 1653 983 1713 versibus
1001 1657 1128 1714 exaravi:

42 1784 56 1824 ¹.
158 1747 176 1801 6
273 1732 444 1794 Gumlibros
462 1730 535 1793 Galli
549 1733 686 1811 legerem,
705 1734 807 1812 quibus
822 1735 872 1796 ille
882 1739 997 1814 parenti

271 1835 356 1877 ausus
372 1817 408 1876 de
424 1814 563 1877 Cicerone
580 1816 647 1877 dare
661 1826 705 1877 est
717 1817 894 1897 palmamque
906 1820 1063 1898 decusque,

271 1899 408 1959 lascivum
420 1901 516 1959 iuveni
526 1900 620 1960 lusum
635 1898 784 1961 ciceronis
799 1911 827 1962 et
840 1901 890 1962 illo

271 1982 456 2064 spectandum
466 1984 592 2062 ingenio,
611 2002 667 2062 quo
680 1986 753 2047 seria
765 1985 888 2046 condidit
904 1995 933 2046 et
947 2005 1003 2065 quo
1199 1990 1234 2041 20

270 2067 397 2129 humanis
414 2067 520 2128 salibus
534 2067 622 2131 multo
639 2071 776 2147 varioque
792 2069 893 2148 lepore

270 2168 436 2229 magnorum
448 2152 571 2213 ostendit
583 2162 692 2213 mentes
703 2152 830 2230 gaudere
841 2156 974 2213 virorum.

271 2253 335 2296 uum
349 2238 476 2314 queritur
491 2236 568 2316 quod
582 2236 681 2296 fraude
696 2236 768 2296 mala
782 2236 930 2295 frustratus
947 2245 1082 2294 amantem

272 2319 393 2398 paucula
408 2329 508 2380 cenato
520 2320 574 2380 sibi
591 2318 683 2378 debita
698 2321 774 2376 savia
787 2317 852 2376 'liro

270 2413 401 2479 tempore
412 2412 551 2462 nocturno
569 2400 746 2460 subtraxerit.
768 2397 812 2456 bis
827 2413 885 2471 ego
900 2396 992 2468 lectis,
1200 2409 1237 2461 25

272 2501 322 2541 cur
335 2483 495 2560 posthaec,
512 2486 634 2559 inquam,
649 2488 763 2558 nostros
779 2477 902 2537 celamus
914 2493 1034 2554 amores,
1139 2477 1143 2482 “

270 2562 436 2640 nullumque
450 2566 478 2621 in
492 2562 614 2621 medium
630 2558 716 2618 timidi
731 2559 840 2637 damus,
853 2558 944 2636 adque
958 2559 1079 2620 latemur

271 2644 440 2722 Tironisque
451 2643 545 2720 dolos,
563 2642 672 2701 Tironis
688 2659 775 2701 nosse
794 2642 914 2720 fugaces

269 2726 418 2786 blanditias
437 2736 466 2786 et
481 2727 554 2787 iurta
569 2742 658 2785 novas
673 2724 803 2786 addentia
817 2724 961 2787 flammas?

161 2809 295 2873 tTransii
317 2808 352 2868 ad
366 2810 482 2887 elegos3
501 2810 555 2870 hos
573 2826 688 2889 quoque
710 2828 766 2870 uon
783 2813 874 2871 miuus
890 2810 1030 2870 celeriter
1051 2809 1234 2888 explicuizso

186 2891 279 2953 addidi
294 2892 381 2970 alios,
407 2892 541 2953 facilitate
564 2902 723 2973 corruptus.
756 2894 868 2955 Deinde
883 2895 912 2954 iu
930 2894 1029 2954 urbem
1043 2912 1187 2970 reversus,

161 2975 332 3040 8sodalibus
344 2976 411 3054 legi.
435 2975 636 3037 Probarerunt.
657 2977 726 3037 lnde
738 2978 819 3056 plura
831 2987 929 3054 metra,
943 2980 967 3037 si
983 2977 1049 3056 quid
1062 2978 1120 3054 otii,
1133 2996 1189 3037 ma-

184 3062 261 3121 xime
276 3062 304 3120 in
318 3062 420 3121 itinere
434 3063 580 3139 temptavi.
612 3060 759 3123 Postremo
775 3062 881 3143 placuit
895 3061 1028 3140 exemplo
1040 3061 1189 3120 multorum

184 3161 270 3204 unum
293 3148 444 3225 separatim
467 3145 770 3221 hendecasyllaborum
789 3147 920 3206 volumen
941 3145 1110 3223 absolvere,
1134 3162 1189 3204 uec

159 3230 320 3307 opaeuitet.
343 3228 468 3307 Legitur,
486 3229 664 3306 describitur,
680 3238 805 3289 cantatur
816 3232 908 3307 etiam,
923 3240 952 3290 et
965 3226 1105 3288 aGraecis
1119 3234 1230 3306 quo-35

187 3330 261 3389 que,
283 3330 354 3390 quos
368 3313 464 3373 Latine
482 3313 564 3372 huius
582 3311 673 3373 libelli
688 3330 765 3372 amor
780 3313 891 3391 docuit,
907 3330 981 3372 uunc
996 3313 1100 3372 cithara
1115 3329 1187 3370 nunc

28 3431 31 3435 .
144 3403 179 3456 10
186 3394 248 3468 lyra
259 3400 437 3473 personatur.
469 3395 528 3455 Sed
540 3396 607 3475 quid
621 3412 677 3473 ego
692 3403 747 3454 tam
759 3392 907 3473 gloriose?
929 3395 1101 3473 Quamquam
1115 3401 1187 3474 pott-

188 3479 224 3538 tis
236 3477 332 3538 iurene
345 3495 514 3538 concessum
525 3488 583 3540 est:
607 3488 635 3538 et
651 3488 742 3539 tamen
757 3496 813 3539 non
825 3480 860 3539 de
875 3495 939 3538 meo
956 3477 1007 3539 sed
1021 3478 1057 3539 de
1071 3478 1189 3538 aliorum
