2588 4116
422 221 685 285 EPISTULARUM
700 223 737 282 11.
759 232 801 285 13.
818 233 859 286 14.
1099 224 1140 288 35

139 371 250 450 qualis,
273 391 353 451 quam
370 374 506 452 probatus
523 392 662 453 carusque
680 377 716 435 sit
731 375 831 453 nobis,
848 394 931 453 quem
945 394 1017 454 rogo
1032 395 1084 456 pro
1099 378 1140 436 in-

140 457 240 534 genio,
256 475 308 535 pro
325 457 435 519 fortuna
449 467 495 517 tua
511 475 645 519 exornes.
669 458 700 517 In
717 460 813 537 primis
829 477 889 520 ama
906 461 1061 520 hominem:
1079 478 1141 521 nam

140 537 211 599 licet
233 541 338 601 tribuas
360 542 387 602 ei
406 551 538 619 quantum
553 541 755 620 amplissimum
770 551 872 621 potes,
894 541 961 603 nihil
977 553 1069 603 tamen
1084 561 1140 604 am·

140 621 217 700 plius
233 633 317 703 potes
333 626 454 685 amIcitia
468 634 529 693 tua;
546 625 625 685 cuius
642 643 709 686 esse
727 645 791 686 eum
808 646 900 705 usque
917 625 952 685 ad
965 626 1086 686 intimam
1101 627 1141 686 ia·

113 705 328 768 omiliaritatem
345 726 479 787 capacem
503 726 560 788 quo
576 709 666 786 magis
687 711 796 788 scires,
822 709 949 771 breviter
968 709 1018 769 tibi
1040 709 1141 787 studia,

141 806 248 868 mores,
264 809 375 851 omnem
389 791 512 871 denique
528 794 613 852 vitam
629 793 691 854 eius
708 794 849 873 expressi.
870 791 1063 853 Extenderem
1079 805 1182 871 pre-ll

142 890 205 950 ces,
221 875 274 934 nisi
289 884 318 935 et
330 884 360 935 tu
374 877 468 953 rogari
484 875 530 934 diu
542 875 647 954 nolles,
663 887 692 938 et
706 895 762 955 ego
776 886 835 938 tota
848 876 905 937 hoc
920 875 1043 955 epistula
1056 875 1142 936 iecis-

140 973 216 1015 sem:
239 967 322 1036 rogat
338 960 427 1101 pnim,
451 968 479 1020 et
494 959 608 1037 quidem
622 960 838 1040 efficacissime,
861 961 908 1040 qui
929 959 1022 1021 reddit
1043 976 1142 1020 causas

138 1042 266 1116 rogandi.
295 1041 377 1102 Vae.

93 1138 130 1190 ¹⁰
600 1175 690 1237 xuu.

419 1272 446 1326 C.
467 1274 593 1324 PLINIUS
612 1274 743 1322 ttuxltlo
761 1272 820 1322 SUO
838 1273 866 1322 S.

200 1370 310 1429 Verum
326 1371 462 1449 opinaris:
486 1373 647 1450 destringor
668 1369 917 1432 centumviraIIbus
940 1373 1050 1448 causis,
1073 1381 1169 1450 quael

134 1472 184 1512 me
200 1463 343 1513 exercent
357 1455 445 1533 magis
464 1474 545 1533 quam
561 1455 715 1517 delectant.
736 1455 806 1515 Sunt
822 1456 896 1514 enim
910 1452 1066 1532 pleraeque
1082 1472 1144 1532 par-

91 1548 125 1599 15
135 1555 191 1596 vae
207 1547 235 1597 et
247 1535 350 1597 exilis:
373 1555 436 1599 raro
456 1539 553 1600 incidit
567 1538 613 1600 ch
630 1556 814 1619 personarum
833 1538 959 1598 claritate
975 1537 1023 1597 vel
1037 1539 1145 1614 negotii

135 1604 333 1698 magnitudine
350 1621 479 1700 insignis.
504 1623 551 1683 Ad
565 1622 621 1683 boc
638 1624 721 1704 pauci
741 1641 804 1682 cum
820 1622 922 1700 quibus
938 1623 1015 1681 iuvet
1030 1621 1127 1681 dicere
1137 1625 1171 1680 :2

137 1705 227 1764 ceteri
243 1703 372 1766 audaces
389 1716 475 1785 atque
496 1708 579 1767 etiam
599 1725 700 1785 magna
720 1725 757 1767 ex
777 1716 856 1784 parte
872 1703 1080 1768 adulescentuli
1095 1705 1145 1764 ob·

136 1789 214 1846 scuri
238 1787 276 1847 ad
301 1786 514 1850 declamandum
540 1789 596 1851 buc
616 1791 801 1866 transierunt,
829 1800 885 1850 tam
905 1790 1101 1850 inreverenter
1116 1798 1145 1849 et

137 1880 247 1930 temere
269 1880 301 1929 ut
323 1871 389 1931 mihi
404 1872 506 1934 Atilius
528 1884 626 1935 noster
640 1893 779 1954 expresse
795 1873 902 1934 dixisse
916 1871 1044 1934 videatur
1059 1875 1101 1934 sic
1118 1873 1146 1930 in

89 1954 202 2021 20i0r0
217 1971 328 2031 pueros
346 1972 363 2013 a
379 1955 626 2017 centumviralibus
647 1960 739 2017 causis
756 1957 897 2035 auspicari
914 1965 945 2016 ut
966 1957 1000 2016 ab
1020 1955 1145 2015 Homero

136 2039 167 2095 in
182 2035 306 2097 scholis.
334 2035 404 2097 Nam
419 2038 466 2097 hic
487 2057 601 2116 quoque
622 2049 652 2099 ut
667 2039 727 2099 illic
741 2042 859 2117 primum
875 2041 972 2116 coepit
987 2058 1054 2099 esse
1070 2037 1146 2115 quod

135 2120 292 2178 muxImum
309 2127 363 2175 est.
390 2119 428 2179 m
443 2118 567 2198 Hercule
584 2131 648 2180 ante
666 2122 827 2180 memoriam
841 2139 933 2181 meam
953 2121 1007 2198 (ita
1024 2121 1146 2179 maiores

135 2211 208 2261 natu
224 2198 322 2258 solent
337 2198 451 2280 dicere)
469 2218 505 2261 nc
526 2200 709 2261 nobilissimis
729 2203 841 2279 quidem
855 2200 1086 2261 adulescentibus
1103 2200 1146 2259 lo-

137 2304 193 2344 cus
216 2291 277 2342 erat
299 2283 352 2342 nisi
373 2283 467 2362 aliquo
487 2282 629 2345 consulari
650 2283 842 2363 producente:
867 2292 946 2343 tanta
963 2285 1147 2341 veneratione

88 2378 125 2429 25
137 2365 364 2448 pulcherrimum
380 2385 452 2447 opus
471 2366 628 2429 colebatur.
649 2365 731 2427 Nunc
745 2367 877 2429 refractis
893 2363 1009 2442 pudoris
1021 2375 1050 2424 et
1065 2373 1171 2425 reve-4

135 2450 250 2510 rentiac
268 2447 399 2512 claustris
413 2453 505 2513 omnia
519 2460 616 2530 patent
633 2452 772 2528 omnibus,
790 2469 845 2510 nec
857 2449 1025 2509 inducuntur
1040 2447 1091 2507 sed
1107 2448 1149 2506 in·

135 2542 283 2611 rumpunt.
319 2532 481 2613 Sequuntur
494 2534 638 2595 auditores
655 2535 800 2595 actoribus
820 2532 949 2611 similes,
971 2531 1105 2592 conducti
1121 2541 1149 2591 et

134 2615 297 2694 redempti:
321 2635 457 2700 manceps
481 2620 662 2680 convenitur:
686 2620 715 2679 in
734 2617 827 2678 media
846 2616 965 2678 basilica
987 2625 1043 2676 tam
1058 2614 1150 2695 palam

135 2698 288 2777 sportulae
305 2718 387 2777 quam
405 2705 433 2763 in
451 2701 574 2765 triclinio
593 2701 704 2762 dantur:
724 2721 762 2763 ex
776 2701 880 2762 iudicio
897 2701 925 2760 in
941 2700 1075 2759 iudicium
1091 2700 1151 2778 pari

88 2797 124 2851 30
133 2781 275 2842 mercede
288 2787 428 2848 transitur.
463 2785 533 2846 Inde
545 2786 597 2844 iam
608 2804 664 2846 uon
675 2787 810 2847 inurbane
822 2785 999 2863 σοφοκλεῐς
1010 2793 1175 2844 vocantur5

136 2856 220 2944 [ἀπὸ
233 2865 294 2924 rori
307 2869 422 2946 σοφῶς
434 2864 490 2931 καὶ
501 2869 688 2949 καλεῖσθαι]
699 2893 705 2930 z
718 2869 809 2931 isdem
815 2868 941 2929 Latinum
951 2884 1054 2926 nomeu
1070 2867 1150 2946 iupo-

135 2949 226 3010 situm
245 2958 289 3011 est
303 2949 457 3015 laudiceni.
479 2950 517 3012 Et
538 2961 630 3012 tamen
647 2956 752 3015 crescit
768 2953 797 3011 in
813 2953 874 3013 dies
889 2951 1012 3012 foeditas
1033 2957 1177 3029 utraquefl

133 3031 237 3110 lingua
252 3041 356 3094 notata.
378 3036 456 3099 llere
475 3033 531 3095 duo
547 3037 775 3098 nomenclatores
790 3037 846 3096 mei
862 3035 982 3114 (babent
994 3051 1063 3094 sane
1075 3044 1152 3093 aeta·

132 3125 198 3176 tem
221 3133 319 3175 eorum
347 3121 397 3198 qui
423 3136 516 3198 nuper
536 3127 618 3197 togas
643 3119 829 3200 sumpserint)
858 3119 945 3179 ternis
974 3115 1094 3175 denariis
1115 3117 1153 3176 ad

88 3207 121 3262 35
131 3198 307 3260 laudandum
322 3203 517 3265 trahebantur.
539 3199 619 3264 'I'anti
635 3213 747 3266 constat
760 3213 789 3264 ut
803 3204 843 3263 sis
856 3197 1069 3260 dIsertissimus.
1089 3194 1155 3254 Hoc

133 3285 235 3363 pretio
264 3286 422 3363 quamlibet
445 3302 595 3346 numerosa
623 3285 760 3349 subsellia
783 3284 944 3362 inplentur,
972 3278 1028 3338 hoe
1052 3279 1156 3357 ingens

134 3384 248 3429 corona
266 3367 424 3447 colligitur,
442 3368 499 3427 hoc
514 3369 611 3430 inliniri
623 3371 764 3433 clamores
778 3370 1002 3438 commoventur,
1019 3379 1081 3424 cum
1094 3375 1179 3432 me:

132 3451 284 3514 sochorus
300 3451 378 3515 dedit
393 3456 521 3530 signum:
541 3469 613 3531 opus
632 3463 677 3516 est
693 3450 765 3510 enim
782 3450 865 3527 signo
882 3444 1029 3588 apudapon
1044 3445 1157 3512 intelle·
