2588 4116
228 219 292 283 284
651 212 684 275 G.
703 212 799 273 PLINI

229 376 285 434 lt'tc
298 381 363 432 ante
380 370 485 444 facies,
510 367 668 447 principem
682 376 832 443 aequatum
851 364 1003 425 candidatis
1022 376 1052 426 et
1066 367 1152 427 simul
1167 377 1238 429 stan·

229 467 287 517 tem
307 456 426 529 intueri,
452 469 549 531 parem
569 450 777 531 accipientibus
798 448 935 508 honorem
950 450 998 527 qui
1015 448 1108 510 dabat.
1156 450 1239 525 Quod

230 540 334 599 factum
350 548 427 598 tuum
441 555 457 596 a
474 544 578 595 cuncto
592 545 693 596 senatu
711 552 793 613 quarn
807 550 876 593 vera
890 532 1095 593 adclamatione
1110 533 1239 596 celebra·

229 634 288 683 tum
304 630 349 684 est
364 627 453 681 ‘tanto
465 622 569 697 maior,
584 629 660 680 tanto
677 616 850 695 augustior’l
864 615 936 677 Nam
946 616 1069 677 cuinibil
1082 619 1118 679 ad
1131 637 1238 697 augen-

231 707 295 766 dum
310 706 454 783 fastigium
471 713 622 783 superest,
644 703 692 762 hic
708 720 764 762 uno
779 701 864 760 modo
881 719 1017 760 crescere
1036 711 1152 780 potest,
1169 706 1194 763 si
1209 715 1261 766 sos

229 794 293 871 ipse
309 792 477 864 summittat,
493 804 614 847 securus
625 784 821 864 magnitudinis
832 802 909 845 suae.
926 781 1030 862 Neque
1042 788 1118 845 enim
1132 787 1169 846 ab
1181 786 1239 846 ullo

230 872 361 952 periculo
373 873 484 932 fortuna
494 873 653 950 principum
669 871 782 947 longius
799 869 881 929 abest
893 885 975 947 quam
984 866 1159 929 humilitatis.
1172 869 1239 930 lilibi

231 958 345 1037 quidem
364 975 420 1017 non
442 965 496 1014 tarn
518 954 672 1014 humanitas
694 964 741 1014 tua
756 971 838 1031 quam
853 953 972 1012 intentio
988 953 1051 1012 eius
1068 953 1238 1014 admirabilis

230 1040 389 1100 videbatur.
411 1038 525 1117 Quippe
540 1055 603 1096 cum
615 1038 734 1098 orationi
751 1036 852 1096 oculos
866 1053 970 1096 vocem
986 1053 1098 1097 manurn
1113 1055 1237 1097 comano-

230 1123 330 1199 dares,
346 1131 377 1182 ut
392 1125 416 1182 si
434 1122 481 1181 alii
498 1120 597 1181 eadem
610 1123 664 1181 ista
675 1120 857 1197 mandasses,
874 1137 973 1181 omnes
989 1123 1131 1183 comitatis
1143 1140 1237 1181 nume·
1248 1133 1275 1184 tlt

230 1224 278 1267 ros
300 1206 411 1266 obibas.
444 1205 540 1282 Atque
563 1206 661 1280 etiam,
686 1222 749 1264 cum
764 1206 875 1263 nomina
894 1203 1113 1281 suffragatorum
1128 1205 1238 1266 bonore

230 1307 288 1369 quo
303 1289 398 1349 solent
414 1290 633 1366 exciperentur,
653 1299 682 1347 tu
698 1305 812 1366 quoque
828 1289 901 1347 inter
917 1289 1096 1365 excipientes
1115 1308 1191 1366 eras,
1211 1299 1239 1350 et

169 1438 173 1444 ,
231 1393 268 1434 ex
285 1391 335 1434 ore
356 1374 493 1453 principis
509 1371 558 1431 ille
574 1373 733 1434 senatorius
750 1372 889 1431 adsensus
905 1372 1087 1449 audiebatur,
1104 1373 1238 1451 quodque

230 1458 305 1536 apud
326 1459 483 1535 principem
504 1456 657 1534 perhibere
683 1456 874 1515 testimonium
896 1456 1071 1516 merentibus
1096 1457 1239 1538 gaudeba-

230 1561 308 1617 mus,
333 1540 536 1618 perhibebatur
557 1557 572 1598 a
593 1540 732 1618 principe.
766 1538 905 1598 Faciebas
926 1556 1014 1615 ergo,
1044 1557 1108 1599 curn
1124 1541 1237 1601 diceres
1247 1550 1275 1601 15

232 1627 370 1703 optimos:
392 1641 447 1683 nec
463 1626 588 1702 ipsorum
609 1623 694 1682 modo
709 1625 766 1682 vita
783 1640 799 1681 a
819 1631 864 1698 tc,
889 1622 942 1682 sed
964 1621 1098 1683 iudicium
1122 1636 1236 1686 senatus

233 1707 477 1787 conprobabatur,
507 1708 656 1786 amarique
673 1726 723 1782 se,
749 1724 805 1765 non
820 1705 886 1765 illos
907 1708 996 1783 magis
1013 1725 1086 1784 quos
1105 1706 1237 1789 laudabas

180 1786 221 1853 72
233 1791 396 1851 laetabatur.
420 1788 490 1849 Nam
505 1790 581 1869 quod
597 1800 730 1869 precatus
745 1809 778 1850 es
788 1799 820 1848 ut
836 1789 884 1849 illa
898 1793 959 1868 ipsa
975 1789 1113 1852 ordinatio
1130 1794 1237 1851 comiti·

231 1892 311 1933 orum
324 1875 399 1934 benc
415 1892 448 1934 ac
464 1873 587 1934 feliciter
599 1876 727 1935 eveniret
738 1874 832 1950 nobis,
849 1875 891 1933 rei
904 1873 1048 1952 publicae,
1063 1876 1124 1952 tibi,
1143 1893 1236 1935 nonne

230 1958 287 2018 talc
309 1967 354 2019 est
375 1968 403 2018 ut
419 1976 471 2018 nos
492 1958 568 2018 hunc
587 1958 713 2018 ordinem
732 1967 862 2018 votorum
876 1968 1046 2019 convertere
1062 1956 1275 2020 debeamus'?20

231 2042 301 2103 deos
322 2041 445 2122 denique
468 2043 622 2103 obsecrare
644 2053 673 2102 ut
696 2044 786 2101 omnia
808 2059 880 2119 qnae
901 2041 973 2101 iacis
995 2061 1128 2120 quaeque
1149 2043 1236 2102 facies

231 2144 372 2205 prospere
394 2127 495 2187 cedant
512 2128 578 2202 tibi,
600 2128 643 2186 rei
658 2126 807 2205 publicae,
829 2122 933 2186 nobis?
955 2124 1003 2185 vel
1025 2127 1049 2186 si
1071 2127 1187 2187 brevius
1203 2128 1237 2186 sit

232 2211 398 2289 optandum,
414 2221 444 2271 ut
456 2213 503 2270 uni
515 2208 585 2271 tibi?
599 2212 627 2269 in
640 2229 697 2288 quo
713 2220 742 2270 ct
755 2228 803 2270 res
818 2209 933 2286 publica
945 2219 974 2271 et
985 2227 1038 2270 nos
1050 2228 1160 2271 sumus:
1176 2210 1238 2271 Fuit

231 2304 361 2373 tempus,
391 2314 425 2355 ac
445 2296 558 2353 nimium
579 2293 624 2353 diu
641 2295 709 2369 fuit,
739 2312 796 2372 quo
813 2293 866 2353 alia
880 2292 1016 2371 adversa,
1045 2293 1100 2354 alia
1112 2294 1240 2355 secunda

231 2380 351 2457 principi
366 2387 395 2438 et
406 2377 503 2437 nobis:
519 2396 593 2437 nunc
608 2379 763 2438 communia
775 2378 823 2436 tibi
835 2378 984 2438 nobiscum
997 2387 1051 2437 mm
1063 2377 1140 2438 loeta
1155 2386 1273 2457 quomis

230 2464 337 2538 tristia,
360 2480 414 2521 nec
431 2462 520 2538 magis
537 2463 599 2521 sine
619 2472 648 2521 tc
664 2479 716 2521 nos
731 2479 798 2520 esse
814 2460 916 2520 felices
933 2479 1016 2539 quam
1032 2471 1061 2521 tu
1076 2462 1137 2521 sinc
1153 2463 1239 2523 nobis

230 2553 323 2621 potes.
345 2543 405 2619 An,
425 2546 449 2602 si
464 2563 586 2621 posses,
602 2547 629 2603 in
645 2546 700 2602 fine
715 2552 846 2602 votorum
863 2544 1020 2605 adiecisses
1034 2555 1066 2604 ut
1083 2546 1124 2605 ita
1144 2549 1239 2623 preci·

230 2627 282 2684 bus
298 2627 353 2684 tuis
368 2626 405 2684 dii
422 2625 594 2703 adnuerant,
610 2627 634 2686 si
651 2625 783 2685 iudicium
798 2637 926 2687 nostrum
937 2631 1040 2689 mereri
1052 2647 1239 2708 perseveras·

229 2704 297 2769 ses?
319 2707 403 2767 Adeo
423 2708 491 2767 nibil
512 2709 563 2768 tibi
585 2726 680 2770 amore
704 2712 808 2770 civium
823 2713 963 2790 antiquius
977 2721 1008 2772 ut
1022 2722 1087 2773 ante
1105 2732 1122 2773 a
1143 2715 1238 2790 nobis,

229 2791 331 2851 deinde
347 2809 363 2851 a
379 2791 449 2869 diis,
465 2802 550 2870 atquc
565 2795 603 2853 ita
619 2794 653 2853 ab
670 2792 726 2853 illis
742 2796 826 2853 amari
841 2796 932 2874 vclis,
951 2798 975 2856 si
990 2814 1006 2856 a
1023 2797 1105 2856 nobis
1123 2790 1274 2858 arnensiso

227 2874 265 2934 Et
277 2894 345 2936 sane
357 2877 482 2952 priorum
497 2878 655 2957 principum
671 2881 763 2939 exitus
776 2878 872 2939 docuit
885 2899 922 2940 ne
934 2897 949 2939 a
963 2880 1015 2939 diis
1028 2880 1143 2958 quidem
1154 2882 1239 2941 amari

227 2961 283 3020 uisi
298 2977 370 3037 quos
384 2959 513 3021 homines
530 2972 631 3022 ament.
665 2961 791 3023 Arduum
814 2973 875 3024 erat
895 2963 946 3023 bas
970 2965 1154 3041 precationes
1176 2974 1238 3025 tuas

228 3042 358 3104 laudibus
378 3044 551 3124 adaequare:
576 3046 794 3124 adaequavimus
815 3057 917 3107 tamen.
947 3047 1002 3120 Qui
1020 3049 1124 3107 amoris
1142 3049 1237 3125 ardor,

229 3129 277 3206 qui
292 3129 412 3207 stimuli,
436 3148 510 3208 quac
526 3130 605 3191 faces
622 3130 685 3190 illas
700 3132 783 3192 nobis
799 3131 1022 3192 exclamationes
1038 3132 1237 3209 subiecerunt!

227 3211 291 3273 Non
309 3216 415 3289 nostri,
440 3213 563 3293 Caesar,
579 3217 702 3292 ingenii,
719 3215 770 3276 sed
786 3226 851 3275 tuae
865 3217 977 3276 virtutis
993 3224 1164 3293 tuorumque
1179 3223 1273 3276 me·35

227 3299 343 3356 ritorum
365 3316 456 3359 voces
476 3298 606 3373 fuerunt,
634 3317 704 3377 quas
723 3297 799 3358 nulla
820 3317 951 3377 umquam
973 3299 1095 3373 adulatio
1117 3301 1236 3375 invenit,

226 3379 320 3436 nullus
336 3383 502 3459 cuiusquam
517 3391 609 3441 terror
624 3385 776 3460 expressit.
802 3382 893 3455 Quem
906 3384 947 3442 sic
964 3385 1104 3444 timuimus
1120 3392 1151 3443 ut
1164 3382 1238 3443 haec

227 3460 420 3538 fingeremus?
442 3483 527 3542 quem
542 3467 585 3525 sic
599 3468 750 3526 amavimus
767 3476 797 3525 ut
810 3467 883 3527 lracc
899 3464 1073 3527 fateremur?
1089 3466 1174 3527 Nosti
1188 3485 1238 3528 ne·
