2588 4116
162 225 225 291 298
392 225 426 289 G.
447 224 545 286 PLlNl
567 219 832 284 ramuutmcus
851 232 896 286 95.

162 382 241 444 teriri
256 382 291 442 ub
305 380 414 460 optimo
429 396 489 439 non
501 377 604 456 potuit.
635 374 677 434 Tu
693 372 769 433 clara
784 374 881 435 iudicii
897 377 939 436 tui
961 375 1046 455 signa
1060 379 1171 457 misisti,

162 484 228 527 cum
243 464 437 544 proficiscenti
454 462 489 523 ad
504 461 661 521 exercitum
675 467 725 517 tuo
740 461 871 537 nomine,
888 468 938 519 tuo
951 459 1068 522 honore
1087 466 1173 524 cessi·

163 552 210 611 sti.
233 549 275 609 'lu
290 565 366 608 voce
380 546 560 625 imperatoris
576 542 642 622 quid
657 541 780 602 sentires
795 542 928 622 loeutus,
944 545 1033 604 lilium
1048 546 1110 623 illi,
1126 565 1173 607 no·

162 635 206 695 bis
223 643 387 713 parentem,
410 631 460 691 tibi
479 630 642 709 pontificem
658 628 807 686 maximum
828 626 956 706 elegisti.
987 629 1054 702 Quo
1070 633 1173 690 maiore

162 718 264 778 fiducia
283 716 374 777 isdem
397 714 454 774 illis
472 714 547 774 votis
563 729 636 790 quae
653 712 717 788 ipse
734 725 786 786 pro
805 730 838 772 se
855 716 1014 792 nuncupari
1028 715 1112 775 iubet
1127 726 1193 776 orob

161 811 191 861 et
206 802 352 875 obtestor,
369 799 484 859 sibene
501 815 562 857 rem
579 793 740 873 publicam,
761 796 786 854 si
801 814 839 855 en
852 795 972 857 utilitate
992 800 1119 860 omnium
1132 818 1172 859 re·

161 886 219 962 git,
237 886 356 962 primum
368 889 399 941 ut
416 881 495 940 illum
506 880 660 959 nepotibus
672 877 778 938 nostris
790 897 823 939 ae
834 883 1048 959 pronepotibus
1062 901 1170 960 serres,

163 967 266 1026 deinde
284 976 315 1025 ut
333 964 503 1043 quandoque
520 979 721 1023 successorem
740 963 767 1022 ei
789 963 897 1024 tribuas
918 983 1007 1043 quem
1029 970 1170 1045 genuerit,

163 1068 247 1128 quem
258 1049 438 1124 formaverit,
457 1047 637 1125 similemque
649 1046 751 1106 iecerit
762 1046 911 1125 adoptato,
931 1059 980 1110 aut
999 1051 1025 1109 si
1042 1050 1102 1110 boc
1118 1052 1170 1111 lato

162 1143 298 1210 negatur,
317 1134 344 1191 in
363 1131 483 1190 consilio
502 1133 542 1191 sis
558 1130 694 1207 eligenti,
713 1139 855 1191 monstres
871 1130 997 1210 aliquem
1010 1135 1203 1213 quomado-lt

162 1218 236 1295 ptari
248 1217 275 1275 in
287 1213 429 1294 Capitolio
448 1215 559 1275 deceat.

106 1309 149 1373 95
224 1300 333 1375 Vobis,
353 1309 449 1378 patres
468 1298 640 1375 conscripti,
661 1305 795 1374 quantum
813 1298 934 1359 debeam
951 1300 1081 1377 publicis
1094 1304 1171 1362 etiarn

48 1432 52 1439 .
160 1382 348 1445 monumentis
361 1385 530 1443 continetur.
541 1382 601 1442 Vos
613 1379 679 1440 mibi
691 1383 719 1439 in
726 1381 866 1441 tribunatu
877 1385 995 1462 quietis,
1006 1387 1034 1443 in
1041 1393 1171 1464 praetura

159 1468 336 1544 modestius,
349 1485 403 1527 vos
415 1468 444 1526 in
462 1467 523 1527 istis
536 1464 640 1525 officiis
652 1465 736 1524 etiam
748 1483 821 1543 quae
834 1485 851 1525 e
863 1465 964 1527 studiis
977 1470 1088 1528 nostris
1101 1471 1170 1529 circa

159 1551 282 1613 tuendos
309 1553 406 1612 socios
428 1551 611 1617 iniunxeratis
632 1549 727 1607 cuncti
749 1550 924 1610 constantiae
947 1553 1202 1631 antiquissimumtt

160 1636 351 1696 testimonium
369 1633 565 1713 perhibuistis.
586 1632 646 1690 Vos
664 1631 793 1708 proxime
806 1632 1027 1695 destinationem
1044 1636 1169 1698 consula·

160 1728 205 1780 tus
224 1721 280 1779 mei
296 1718 340 1778 bis
359 1717 608 1780 adclamationibus
626 1714 833 1793 adprobavistls
850 1726 882 1777 ut
904 1718 1074 1798 intellegam
1092 1723 1168 1781 etiam

159 1812 245 1881 utque
264 1805 347 1862 etiam
366 1802 528 1864 enitendum
544 1799 611 1858 mihi
628 1807 660 1858 nt
676 1797 751 1857 hunc
769 1817 941 1862 eonsensum
959 1814 1092 1864 vestrum
1108 1822 1168 1864 con·

161 1885 314 1964 plecteret
330 1896 442 1948 teneam
454 1895 485 1946 et
501 1887 530 1943 in
548 1883 610 1943 dies
628 1899 756 1960 augeam.
780 1882 893 1945 Etenim
904 1876 1020 1948 memini
1038 1898 1106 1948 tune
1123 1906 1167 1947 ve·

159 1970 271 2030 tissime
289 1970 406 2031 iudicari
423 1968 559 2029 meruerit
580 1967 643 2046 quis
661 1967 800 2027 bonorem
816 1986 872 2029 nee
889 1988 943 2049 ne,
967 1989 1033 2032 cum
1051 1973 1200 2050 adeptnstt

159 2062 215 2114 est.
236 2053 297 2115 Vos
312 2054 396 2114 modo
415 2054 510 2114 favete
522 2051 588 2111 buio
600 2052 751 2129 proposito
764 2061 793 2111 et
811 2052 937 2132 credite,
957 2057 982 2115 si
1002 2072 1166 2134 cursuque

160 2136 222 2198 dam
235 2147 391 2217 provectus
404 2139 439 2198 ab
451 2137 503 2196 illo
521 2135 738 2195 insidiosissime
751 2137 882 2214 principe
899 2146 964 2198 ante
984 2157 1070 2217 quam
1088 2140 1167 2219 proli·

159 2231 268 2281 teretur
285 2221 380 2282 odium
398 2223 553 2296 bonorum,
573 2228 723 2297 postquam
743 2219 891 2295 professus
910 2231 971 2298 est,
993 2225 1126 2300 substiti,
1144 2230 1169 2282 et

160 2323 225 2364 eum
235 2306 363 2366 viderem
375 2324 447 2383 quae
459 2305 494 2365 ad
505 2304 630 2363 bonores
643 2301 802 2380 conpendia
820 2313 966 2382 paterent,
987 2305 1106 2385 longius
1119 2309 1170 2367 iter

158 2389 256 2459 malni;
275 2390 299 2449 si
310 2389 390 2449 malis
403 2387 581 2466 temporibus
594 2388 667 2446 inter
676 2393 801 2447 maestos
813 2398 842 2448 et
859 2399 1016 2467 paventes,
1036 2392 1121 2451 bonis
1132 2394 1204 2450 inti

159 2482 204 2530 ter
215 2489 334 2532 securos
347 2473 565 2549 gaudentesque
576 2487 724 2536 numerem
744 2471 768 2527 sl
786 2470 910 2551 denique
922 2474 1069 2535 intantum
1081 2473 1169 2552 diligo

160 2555 294 2631 optimum
305 2557 464 2633 principem
475 2557 503 2612 in
516 2563 650 2631 quantum
663 2552 770 2611 invisus
789 2557 916 2632 pessimo
927 2556 978 2616 fui.
1003 2557 1070 2635 Ego
1088 2576 1169 2618 rere·

158 2636 268 2696 rentiae
283 2647 398 2697 restrae
416 2638 459 2696 sie
471 2652 588 2713 semper
603 2635 768 2711 inserviam,
787 2656 844 2698 non
860 2649 891 2699 ut
908 2658 954 2700 me
972 2641 1127 2703 consulem
1142 2651 1170 2703 et

157 2735 224 2781 mox
237 2719 433 2796 consularem,
446 2718 499 2779 sed
510 2726 541 2777 ut
552 2717 728 2779 candidatum
740 2722 904 2784 consulatus
916 2733 1023 2803 putem.
