2588 4116
285 242 549 304 aristocreon
563 239 917 325 sn-noatoa-ch
1045 245 1108 308 233

494 393 636 456 xcvuu.
659 394 716 475 [o]

433 493 598 546 TRAIANUS
618 494 724 547 PLINIO
744 495 770 548 S.

163 592 291 655 Rationis
307 604 368 672 est,
391 597 428 654 mi
442 595 575 655 Secunde
591 597 754 674 carissime,
779 596 896 674 contegi
911 614 1010 677 aquam
1026 601 1109 661 istam

100 696 173 757 quae
195 696 248 757 per
264 679 407 740 civitatem
420 679 661 740 Amastrianorum
678 679 756 758 fluit,
779 683 803 741 si
824 682 930 742 intecta
950 682 1107 743 salubritati

78 761 196 822 subest.
229 761 353 823 Pecunia
373 781 409 823 ne
431 762 497 822 buic
519 763 600 842 operi
622 763 697 824 desit
719 774 878 825 curaturum
900 774 930 825 te
950 766 1107 827 secundum

99 844 273 922 diligentiam
287 854 362 905 tuam
378 856 487 907 certum
501 846 605 907 habeo.

541 978 573 1039 c,
613 978 660 1039 cl.

323 1076 350 1130 o.
368 1076 493 1129 ruinius
509 979 881 1129 rentilnolnnennnnonn

59 1183 91 1235 to
160 1176 252 1255 Vota,
279 1177 408 1256 domine,
431 1180 555 1259 priorum
570 1198 706 1240 annorum
723 1190 884 1259 nuncupata
897 1180 1008 1243 alacres
1024 1182 1106 1243 laeti·

99 1279 157 1341 que
179 1259 371 1341 persolvimus
396 1278 528 1344 novaque
551 1281 649 1324 rursus
676 1271 803 1324 certante
828 1263 1049 1324 commilitonum
1076 1273 1108 1326 et

98 1343 314 1427 provincialium
332 1346 440 1425 pietate
461 1347 659 1425 suscepimus,
676 1348 787 1425 precati
808 1345 879 1406 deos
900 1355 929 1407 ut
943 1357 973 1408 te
986 1365 1105 1426 remque

98 1427 242 1510 publicam
269 1428 419 1490 florentem
447 1439 477 1490 et
501 1429 670 1490 incolumem
696 1447 731 1490 ea
757 1430 930 1506 benignitate
957 1441 1106 1491 servarent

98 1530 181 1592 quam
196 1529 285 1591 super
298 1531 413 1591 magnas
429 1512 622 1593 plurimasque
638 1515 758 1574 virtutes
773 1514 928 1591 praecipua
943 1515 1105 1591 sanctitate,

56 1605 89 1658 15
98 1596 253 1676 obsequio,
269 1596 387 1658 deorum
402 1597 511 1658 bonore
523 1599 661 1658 meruisti.

518 1730 565 1793 cr.
590 1730 676 1810 [cn]

433 1830 598 1882 TRAIANUS
615 1829 721 1881 PblNlO
741 1829 767 1880 S.

159 1929 290 1991 solvisse
304 1940 371 1991 vota
386 1930 439 1991 diis
453 1929 649 1991 inmortalibus
664 1939 692 1989 ta
708 1938 864 2006 praeeunte
879 1944 931 2006 pro
946 1944 1008 1987 mea
1027 1929 1106 1986 inco·

53 2012 224 2078 aolumitatc
240 2013 448 2073 commilitones
470 2010 771 2091 comprovincialibus
789 2010 945 2072 laetissimo
962 2027 1105 2070 consensu

99 2104 128 2155 et
144 2097 173 2154 in
188 2095 311 2154 futurum
325 2113 507 2174 nuncupasse
524 2094 664 2170 libenter,
681 2095 718 2152 mi
733 2093 865 2153 Secunde
882 2093 1037 2169 carissime,
1057 2109 1104 2152 co·

98 2180 185 2255 gnavi
200 2178 302 2239 litteris
317 2179 383 2238 tuis.
590 2179 592 2183 ’

511 2306 572 2370 cn.
598 2305 697 2387 [cunr

319 2407 347 2459 0.
367 2407 495 2459 PLINIUS
513 2406 658 2458 TRAIANO
673 2404 882 2456 IMPERATORI.

54 2529 89 2582 25
160 2511 246 2572 Diem
261 2529 317 2590 quo
337 2512 366 2572 in
382 2521 411 2572 te
432 2510 521 2574 tutela
542 2510 657 2588 generis
675 2507 787 2567 humani
807 2504 972 2568 felicissima
986 2523 1104 2568 succes·

98 2598 179 2656 sione
194 2596 328 2656 translata
343 2604 389 2656 est
404 2595 499 2656 debita
513 2595 654 2672 religione
671 2591 889 2669 celebravimus,
907 2590 1104 2653 commendari·
1174 2628 1175 2633 κ

97 2688 143 2740 tes
158 2678 212 2739 ttts
226 2679 338 2758 imperii
354 2680 394 2738 tui
409 2678 572 2739 auctoribus
586 2687 615 2738 et
629 2684 695 2736 vota
710 2674 826 2754 publica
841 2685 869 2737 et
882 2675 991 2753 gaudia.

502 2808 578 2871 orn
601 2809 713 2889 [curn]
871 2883 874 2887 ⁴

434 2910 599 2962 TRAIANUS
617 2909 723 2961 PLINIO
743 2908 769 2963 S.

53 3025 89 3080 30
159 3011 243 3072 Diem
264 3012 374 3091 imperii
389 3014 445 3073 mei
464 3011 560 3072 debita
578 3011 683 3074 laetitia
704 3023 733 3075 et
752 3014 892 3091 religione
910 3009 1105 3073 commilitoni·

96 3095 199 3242 pppreip
210 3095 434 3242 pppsvincialibus
447 3104 602 3176 praeeunte
615 3105 644 3156 te
657 3095 833 3158 celebratum
843 3095 968 3156 libenter
980 3093 1104 3170 cognovi

502 3276 591 3340 cun.
616 3275 699 3358 [cu]

321 3376 348 3431 G.
366 3378 491 3430 PLlNlUS
508 3377 652 3428 TRAIANO
669 3376 875 3428 IMPERATORI.

53 3488 88 3542 35
157 3478 301 3558 Valerius,
317 3478 449 3560 dominc,
466 3478 598 3540 Paulinus
614 3487 740 3565 excepto
755 3476 871 3539 Paulino
885 3477 929 3538 ins
944 3447 1104 3538 latinorum
