2588 4116
389 250 654 312 PANEGYRICUS
675 262 718 314 24.
735 263 779 315 25·
792 263 835 318 26.
1057 257 1118 321 253

106 418 213 469 tamen.
236 403 311 464 Ante
327 415 357 464 te
374 405 520 483 principes
532 404 645 465 fastidio
656 406 746 466 nostri
761 415 791 466 et
806 407 927 484 quodam
941 411 1118 488 aequalitatis

106 501 186 550 metu
196 507 278 548 usum
293 488 398 568 pedum
410 489 569 549 amiserant.
592 488 662 549 lllos
673 508 745 566 ergo
757 492 846 550 umeri
859 494 1047 571 cervicesque
1059 515 1118 556 ser·

106 592 209 635 vorum
227 591 315 652 super
331 590 381 634 ora
393 581 507 649 nostra,
528 583 557 634 te
573 573 661 649 lama,
679 583 709 633 te
724 573 830 651 gloria,
852 584 882 635 te
898 579 1000 636 civium
1015 579 1118 655 pietas,

107 671 138 721 te
154 658 272 718 libertas
286 675 375 735 super
389 657 470 735 ipsos
485 659 631 736 principes
645 657 767 726 vehuot;
783 668 814 718 te
827 658 862 718 ad
878 660 972 721 sidem
983 661 1058 722 tollit
1069 661 1120 721 bu·

70 742 96 795 5
106 762 171 803 mus
187 743 241 802 ista
258 742 413 801 communis
429 750 458 801 et
474 741 592 801 confusa
607 741 745 821 principis
759 743 892 820 uestigia.

174 826 238 886 Nec
259 843 381 902 vereor,
407 834 505 904 patres
524 827 701 903 conscripti,
727 845 765 886 ne
786 826 901 904 longior
914 828 1030 905 ridear,
1054 848 1118 888 cum
1130 820 1170 884 25

108 912 147 972 sit
167 911 286 970 maxime
303 909 456 989 optandum
475 919 506 970 ut
526 928 561 970 ea
581 927 634 989 pro
655 911 759 987 quibus
780 920 902 988 aguntur
916 914 1037 992 principi
1054 930 1118 990 gra-

106 995 167 1055 tiae
181 994 268 1054 multa
284 996 354 1054 sint:
378 1010 451 1072 quae
466 992 580 1071 quidem
594 996 773 1054 reverentius
787 993 873 1055 fuerit
890 997 1003 1074 integra
1021 996 1119 1056 inliba-

109 1088 198 1157 taque
220 1077 441 1154 cogitationibus
461 1080 566 1138 uestris
582 1078 725 1138 reseruari
739 1096 821 1157 quam
846 1082 964 1158 carptim
980 1081 1120 1141 breviter·

70 1165 168 1242 (tque
187 1163 358 1239 perstringi,
374 1163 439 1240 quia
453 1160 516 1221 iere
531 1165 660 1240 sequitur
673 1172 703 1223 ut
718 1162 767 1224 illa
781 1163 896 1241 quidem
912 1163 947 1223 de
963 1165 1065 1242 quibus
1080 1175 1119 1225 ta-

108 1265 180 1308 ceas
201 1254 277 1305 tauta
300 1255 404 1324 quanta
425 1254 490 1305 sunt
514 1264 581 1305 esse
601 1246 763 1306 videantur:
784 1248 839 1307 nisi
862 1264 934 1306 uero
957 1246 1060 1306 leviter
1080 1257 1119 1306 at-

107 1331 181 1406 tingi
201 1328 297 1408 placet
318 1328 507 1407 locupletatas
524 1329 615 1390 tribus
637 1328 788 1407 datumque
811 1330 984 1406 congiarium
999 1330 1120 1409 populo,

108 1423 139 1475 et
156 1413 249 1472 datum
266 1423 372 1490 totum,
390 1430 454 1472 cum
471 1413 595 1473 donativi
611 1422 721 1492 partem
734 1412 840 1474 milites
855 1415 1048 1492 accepissent.
1076 1412 1124 1472 An

107 1497 263 1559 mediocris
279 1499 361 1557 animi
377 1507 422 1559 est
443 1496 487 1557 bis
499 1499 595 1575 potius
616 1507 835 1576 repraesentare
851 1498 955 1576 quibus
966 1499 1057 1575 magis
1071 1516 1108 1557 ne

70 1587 99 1640 .5
109 1584 171 1660 gari
193 1579 313 1662 potest?
339 1599 506 1660 quaruquam
519 1584 547 1642 ia
563 1582 616 1642 bac
631 1598 748 1661 quoque
763 1582 929 1642 diversitate
943 1582 1121 1660 aequalitatis

108 1668 181 1726 ratio
204 1677 315 1728 seruata
341 1675 395 1726 est.
428 1666 551 1745 Aequati
574 1675 640 1729 suut
654 1668 729 1727 cuim
744 1664 854 1745 populo
869 1666 974 1727 milites
992 1666 1121 1746 eoquod

107 1759 236 1830 partem,
259 1751 312 1813 sed
328 1752 458 1831 priores,
482 1751 608 1831 populus
625 1750 779 1829 militibus,
797 1750 875 1828 quod
891 1752 1052 1831 posterior,
1069 1752 1121 1811 sed

108 1844 200 1895 totum
221 1838 313 1896 statim
330 1836 454 1915 accepit.
488 1835 642 1896 Enimvero
660 1853 714 1913 qua
729 1835 906 1915 benignitate
926 1837 1046 1897 diuisum
1062 1835 1120 1897 est!

110 1928 291 1998 quantaeque
307 1938 391 1979 curae
407 1920 460 1979 tibi
474 1918 526 1979 luit
543 1940 579 1980 ne
595 1921 658 1998 quis
676 1937 782 1997 expers
796 1919 974 1980 liberalitatis
989 1928 1054 1979 tuae
1071 1921 1120 1980 lie-

70 1999 169 2063 toret!
206 2003 308 2063 Datum
325 2013 370 2064 est
392 2005 429 2063 iis
451 2004 499 2078 qui
513 2013 580 2082 post
594 2003 718 2062 edictum
732 2011 810 2062 tuum
824 2004 853 2062 iu
868 2003 962 2062 locum
977 2020 1121 2063 erasorum

109 2086 216 2149 subditi
234 2086 363 2162 lucrant,
389 2088 560 2164 aequatique
581 2096 645 2146 sunt
668 2087 774 2146 ceteris
788 2084 830 2144 illi
848 2086 932 2145 etiam
948 2087 1050 2165 quibus
1065 2103 1121 2145 nou

110 2179 173 2230 erat
186 2172 366 2248 promissum.
404 2167 538 2246 Negotiis
555 2168 672 2248 aliquis,
694 2168 857 2230 valetudiue
875 2169 964 2247 alius,
980 2170 1120 2245 hiemari,

110 2255 162 2315 ille
178 2254 339 2314 fluminibus
354 2254 553 2316 distinebatur:
581 2262 751 2331 expectatus
774 2262 835 2331 est,
859 2256 1063 2335 provisumque
1086 2272 1122 2313 ne

111 2341 176 2418 quis
192 2357 296 2417 aeger,
314 2357 349 2398 ne
365 2341 428 2418 quis
443 2347 612 2418 occupatus,
627 2357 664 2398 ne
681 2339 744 2416 quis
759 2339 883 2416 denique
898 2338 985 2416 longe
1002 2338 1121 2397 luisset:

70 2425 224 2484 teveniret
239 2425 381 2503 quisque,
409 2442 473 2483 oum
489 2422 595 2501 uellet,
623 2424 735 2484 ueniret
756 2424 894 2502 quisque,
922 2441 985 2481 cum
1010 2431 1121 2500 posset.

112 2507 306 2586 Magnificum,
323 2506 495 2587 Caesar,'et
509 2519 586 2568 tuum
602 2508 837 2570 disiunctissimas
852 2517 943 2567 terras
957 2507 1121 2565 munificen-

113 2594 170 2653 tiae
189 2594 304 2668 ingenio
331 2592 411 2652 velut
437 2593 607 2670 admouere,
634 2594 819 2670 inmensaque
840 2591 931 2670 spatia
953 2590 1122 2652 liberalitate

115 2675 303 2753 contrahere,
329 2675 508 2737 intercedere
531 2677 660 2754 casibus,
687 2694 841 2737 occursare
862 2675 1009 2752 fortunae,
1036 2685 1121 2753 atque

114 2761 190 2820 omni
212 2777 269 2838 cpe
290 2757 375 2819 adniti
394 2778 431 2818 ne
447 2762 510 2838 quis
531 2779 549 2821 e
574 2760 662 2839 plebe
687 2761 813 2821 Romana
837 2760 921 2821 dante
948 2762 1121 2838 congiarium
1198 2815 1200 2819 ,

70 2848 143 2904 bote
165 2844 308 2903 bominem
329 2863 361 2904 se
384 2846 473 2921 magis
495 2847 613 2905 sentiret
634 2845 724 2905 luisse
748 2863 831 2924 quam
853 2848 955 2905 ciuem.
1005 2840 1173 2905 adven-to

112 2938 191 2988 tante
207 2929 343 3006 congiarii
365 2927 410 2988 die
429 2928 583 2990 observare
599 2930 736 3009 principis
751 2948 902 3007 egressum
923 2932 950 2989 iu
964 2930 1121 3008 publicum,

112 3012 238 3073 insidere
258 3015 319 3072 vias
342 3015 470 3073 examina
493 3013 637 3073 infantium
661 3013 830 3093 futurusque
854 3014 978 3094 populus
999 3014 1121 3073 solebat.

112 3097 206 3158 Labor
216 3097 383 3177 parentibus
399 3107 459 3157 erat
475 3106 618 3158 ostentare
633 3098 768 3178 parvulos
786 3099 986 3176 inpositosque
1003 3099 1123 3157 cervici·

113 3182 167 3242 bus
188 3181 328 3241 adulantia
343 3182 432 3241 verba
447 3181 622 3262 blandasque
636 3201 727 3244 uoces
743 3183 885 3243 edocere:
907 3181 1064 3241 reddebant
1080 3179 1121 3238 illi

70 3275 102 3330 35
115 3284 188 3345 quae
206 3267 401 3326 monebantur.
437 3266 482 3325 Ac
499 3266 628 3346 plerique
643 3269 731 3328 inritis
747 3267 883 3347 precibus
903 3265 1002 3326 surdas
1017 3265 1122 3342 princi·

112 3352 158 3430 pis
174 3368 257 3411 aures
273 3351 493 3430 obstrepebant,
508 3353 654 3431 ignarique
670 3351 737 3430 quid
751 3359 918 3429 rogassent,
935 3348 1001 3428 quid
1014 3366 1069 3408 non
1081 3350 1121 3407 in-

113 3445 294 3514 petrassent,
316 3436 408 3496 donec
424 3435 508 3516 plane
524 3438 646 3512 scirent,
670 3436 880 3496 differebantur.
918 3432 959 3493 Tu
974 3452 1010 3494 ne
1025 3433 1120 3511 rogari

115 3518 228 3597 quidem
244 3522 414 3598 sustinuisti,
438 3530 467 3581 et
482 3538 647 3600 quamquam
662 3519 844 3580 laetissimum
860 3518 952 3580 oculis
970 3520 1025 3580 tuis
1042 3527 1120 3579 essct
