2588 4116
638 207 661 266 C
692 205 789 265 PLlNl

687 357 750 419 XX.

425 477 451 530 o.
471 475 597 527 annulus
616 475 732 526 messio
752 474 883 525 nummo
903 472 963 524 suo
983 473 1010 526 s,

191 634 207 686 1
276 613 464 674 Meministine
484 624 514 674 te
535 632 624 693 saepe
645 613 754 691 legisse
771 621 887 691 quantas
903 612 1099 671 contentiones
1115 614 1222 672 excita·

216 702 251 760 rit
267 699 316 759 lex
331 698 477 759 tabellaria
492 707 681 777 quantumque
702 699 758 776 ipsi
778 696 861 755 latori
875 695 922 755 vel
937 694 1045 772 gloriae
1059 693 1107 753 vel
1123 705 1247 775 repre-5

189 784 360 851 alsensionis
382 779 527 842 attulerit?
547 781 593 841 Ad
612 799 686 840 nunc
705 783 734 840 in
759 788 859 841 senatu
880 781 940 840 sine
963 778 1020 837 ulla
1040 777 1222 839 dissensione

216 869 272 927 hoc
287 867 363 930 idem
382 875 413 925 ut
428 869 563 945 optimum
584 864 705 944 placuit:
732 883 830 924 omnes
847 863 1023 923 comitiorum
1038 863 1083 923 die
1099 860 1220 924 tabellas

189 950 439 1030 apostulaverunt.
473 950 698 1011 Excesseramus
719 968 788 1010 sane
807 947 962 1008 manifestis
983 946 1039 1007 illis
1055 950 1219 1026 apertisque

216 1035 357 1112 suffragiis
372 1034 514 1094 licentiam
538 1037 708 1094 contionum.
732 1031 796 1092 Non
810 1043 922 1109 tempus
938 1030 1091 1109 loquendi,
1107 1049 1163 1091 non
1178 1043 1219 1093 ta-

216 1118 299 1178 cendi
319 1117 475 1195 modestia,
497 1135 554 1177 nou
570 1118 692 1196 denique
712 1115 831 1178 sedendi
851 1117 972 1193 dignitas
996 1114 1215 1176 custodiebatur.
1228 1124 1261 1176 10

189 1201 309 1281 anagni
325 1202 448 1281 undique
468 1203 633 1281 dissonique
649 1202 804 1277 clamores,
821 1200 1026 1279 procurrebant
1040 1216 1138 1261 omues
1155 1219 1218 1260 cum

215 1289 274 1348 suis
294 1286 465 1364 candidatis,
487 1286 573 1347 multa
588 1289 698 1364 agmina
712 1288 740 1345 in
756 1284 849 1344 medio
865 1283 1001 1361 multique
1019 1282 1117 1343 circuli
1134 1293 1162 1343 et
1176 1287 1216 1344 in·

215 1372 321 1432 decora
335 1371 480 1431 conlusio:
496 1372 568 1431 adeo
584 1370 794 1430 desciveramus
810 1387 826 1429 a
840 1367 1044 1429 consuetudine
1060 1377 1215 1446 parentum,

214 1456 289 1535 apud
311 1472 382 1533 quos
406 1457 497 1514 omnia
517 1455 654 1532 disposita
681 1453 824 1513 moderata
850 1451 1015 1531 tranquilla,
1043 1454 1217 1512 maiestatem

189 1540 272 1602 cloci
287 1537 482 1617 pudoremque
497 1537 664 1596 retinebant.
698 1538 855 1615 Supersunt
870 1555 974 1613 senes,
996 1553 1032 1596 ex
1052 1536 1153 1614 quibus
1168 1555 1214 1596 au·
1224 1551 1256 1602 lt

215 1623 274 1682 dire
292 1620 375 1681 soleo
390 1621 465 1678 bunc
481 1620 608 1680 ordinem
631 1623 819 1680 comitiorum:
843 1621 928 1680 citato
948 1623 1060 1680 nomine
1079 1620 1215 1681 candidati

158 1708 170 1727 ²
214 1704 356 1766 silentium
371 1722 520 1772 summum;
537 1703 649 1764 dicebat
661 1707 723 1783 ipse
734 1721 786 1782 pro
799 1722 842 1781 se,
861 1704 1020 1783 explicabat
1030 1706 1116 1763 vitam
1126 1723 1214 1782 suam,

214 1798 305 1849 testes
325 1799 354 1848 et
374 1788 535 1848 laudatores
557 1788 654 1863 dabat,
678 1787 725 1847 vel
748 1806 812 1847 eum
834 1788 886 1848 sub
908 1806 964 1866 quo
986 1786 1153 1849 militaverat
1168 1788 1214 1848 vel

214 1891 279 1931 eum
301 1874 346 1931 cui
366 1880 502 1950 quaestor
522 1872 614 1932 iuerat
635 1873 682 1932 vel
703 1881 867 1949 utrumque,
896 1874 918 1931 si
941 1881 1071 1948 poterat,
1094 1871 1214 1932 addebat

214 1956 350 2034 quosdam
371 1975 409 2017 ex
429 1957 677 2034 suffragatoribus:
699 1956 740 2016 illi
761 1958 927 2033 gravitaret
943 1957 1042 2033 paucis
1058 1956 1256 2035 loquebar-20

187 2048 266 2105 otur.
296 2040 362 2103 Plus
376 2041 434 2100 hoc
450 2060 532 2120 quam
547 2059 651 2120 preces
667 2041 809 2119 proderat.
841 2038 905 2099 Non
921 2057 1070 2117 numquam
1087 2040 1214 2101 candida·

213 2134 258 2184 tus
274 2134 321 2185 aut
341 2125 449 2185 natales
471 2128 665 2206 competitoris
681 2136 729 2186 aut
743 2143 831 2186 annos
846 2134 893 2185 aut
908 2126 990 2184 etiam
1005 2140 1100 2183 mores
1114 2143 1213 2202 argue-

213 2209 268 2269 bat.
301 2210 442 2270 Audiebat
469 2222 583 2272 senatus
604 2213 741 2288 gravitate
767 2211 904 2270 censoria.
937 2208 979 2268 lta
1002 2210 1116 2285 saepius
1138 2209 1214 2286 digni

187 2302 296 2371 tquam
312 2297 431 2373 gratiosi
447 2295 656 2371 praevalebant.
691 2293 772 2364 Quae
787 2309 861 2351 nunc
876 2290 1018 2348 inmodico
1034 2290 1134 2351 favore
1152 2309 1214 2351 cor·

212 2390 312 2456 rupta,
334 2378 369 2438 ad
390 2380 474 2437 tacita
496 2378 627 2452 suffragia
647 2376 726 2450 quasi
746 2375 781 2432 ad
802 2371 956 2431 remedium
973 2370 1211 2444 decucurrerunt3
1223 2385 1255 2437 25

213 2460 289 2536 quod
310 2462 421 2519 interim
441 2459 526 2534 plane
545 2457 700 2516 remedium
721 2456 787 2514 fuit:
810 2461 869 2511 erat
885 2454 958 2512 enim
973 2469 1076 2510 novum
1092 2463 1120 2511 et
1136 2458 1213 2514 subi-

185 2550 276 2604 8tum.
298 2541 356 2598 Sed
369 2555 475 2599 vereor
488 2559 525 2598 ne
540 2537 715 2616 procedente
731 2547 859 2614 tempore
874 2553 911 2594 ex
925 2537 989 2613 ipso
1004 2536 1130 2596 remedio
1145 2540 1212 2598 vitia

210 2632 369 2681 nascantur.
401 2621 454 2680 Est
473 2624 547 2681 enim
562 2619 720 2700 periculum
734 2639 770 2680 ne
785 2621 878 2681 tacitis
893 2619 1034 2697 suffragiis
1050 2620 1213 2700 inpudentia

211 2707 329 2782 inrepat.
348 2703 419 2763 Nam
435 2714 520 2782 quoto
538 2707 639 2783 cuique
655 2704 754 2764 eadem
765 2705 922 2765 honestatis
935 2723 1001 2765 cura
1013 2714 1127 2766 secreto
1140 2725 1212 2785 quae

185 2785 323 2864 9palami
344 2787 425 2847 lllulti
442 2789 557 2866 lamam,
575 2791 776 2849 conscientiam
792 2791 875 2868 pauci
890 2799 1032 2850 verentur.
1057 2788 1115 2849 Sed
1130 2793 1211 2849 nimis
1221 2805 1256 2859 30

212 2873 269 2930 cito
291 2870 326 2929 de
343 2871 456 2930 futuris:
483 2874 592 2932 interim
609 2874 749 2933 beneficio
765 2873 931 2934 tabellarum
944 2874 1109 2934 babebimus
1124 2876 1210 2951 magi-

209 2963 312 3014 stratus
325 2957 372 3034 qui
383 2958 501 3016 maxime
512 2958 574 3017 lteri
586 2957 751 3019 debuerunt.
774 2957 846 3019 Nam
860 2967 890 3017 ut
903 2960 932 3017 in
946 2960 1158 3038 reciperatoriis
1170 2959 1210 3015 in·

210 3036 290 3098 diciis
306 3041 348 3099 sic
363 3056 415 3100 nos
431 3042 467 3100 in'
478 3040 522 3100 his
545 3044 665 3101 comitiis
686 3044 766 3122 quasi
786 3052 906 3121 repente
922 3042 1091 3121 adprehensi
1107 3042 1210 3102 sinceri

168 3123 319 3186 loiudices
330 3124 441 3183 fuimus.
465 3121 543 3184 Haec
557 3126 608 3185 tibi
624 3128 736 3205 scripsi,
753 3129 882 3205 primum,
896 3137 926 3186 ut
942 3126 1046 3205 aliquid
1060 3127 1128 3185 novi
1141 3126 1209 3186 scri·

209 3208 319 3286 berem,
335 3209 448 3286 deinde,
464 3219 494 3270 ut
509 3226 725 3289 nonnumquam
740 3210 776 3270 de
791 3229 823 3269 re
839 3211 954 3289 publica
966 3211 1112 3289 loquerer,
1129 3209 1208 3268 cuius
1218 3217 1252 3270 35

209 3296 342 3353 materiae
363 3294 446 3354 nobis
462 3303 565 3373 quanto
579 3296 668 3354 rarior
683 3313 765 3373 quam
777 3297 924 3356 veteribus
941 3297 1055 3355 occasio
1069 3302 1145 3355 tanto
1159 3293 1208 3351 mi·
1289 3308 1292 3319 ·

169 3384 261 3435 llnus
284 3378 436 3437 omittenda
457 3378 510 3438 est.
543 3378 581 3439 Et
602 3379 726 3440 Hercule
748 3398 896 3458 quousque
918 3379 965 3439 illa
985 3378 1112 3455 vulgaria
1133 3375 1211 3454 ‘quid

210 3456 291 3534 agis?
304 3461 408 3538 ecquid
419 3462 566 3524 commode
578 3461 695 3523 valesl'
709 3463 836 3524 Habeant
847 3473 960 3524 nostrae
973 3481 1086 3540 quoquc
1099 3461 1210 3520 litterae
