<?xml version="1.0" encoding="UTF-8"?>
<!DOCTYPE html PUBLIC "-//W3C//DTD XHTML 1.0 Transitional//EN"
    "http://www.w3.org/TR/xhtml1/DTD/xhtml1-transitional.dtd">
<html xmlns="http://www.w3.org/1999/xhtml" xml:lang="en" lang="en">
 <head>
  <title>
</title>
<meta http-equiv="Content-Type" content="text/html;charset=utf-8" />
  <meta name='ocr-system' content='tesseract 3.04.00' />
  <meta name='ocr-capabilities' content='ocr_page ocr_carea ocr_par ocr_line ocrx_word'/>
</head>
<body>
  <div class='ocr_page' id='page_1' title='image "./cplinicaccilise00plingoog_0116.png"; bbox 0 0 2588 4116; ppageno 0'>
   <div class='ocr_carea' id='block_1_1' title="bbox 69 3604 176 3800">
    <p class='ocr_par' dir='ltr' id='par_1_1' title="bbox 69 3604 176 3800">
     <span class='ocr_line' id='line_1_1' title="bbox 69 3604 176 3800; baseline 0 0"><span class='ocrx_word' id='word_1_1' title='bbox 69 3604 176 3800; x_wconf 58' lang='grc' dir='ltr'>ἱ</span> 
     </span>
    </p>
   </div>
   <div class='ocr_carea' id='block_1_2' title="bbox 0 0 1298 4116">
    <p class='ocr_par' dir='ltr' id='par_1_2' title="bbox 0 0 1298 4116">
     <span class='ocr_line' id='line_1_2' title="bbox 0 0 1298 4116; baseline 0 7"><span class='ocrx_word' id='word_1_2' title='bbox 0 0 1298 4116; x_wconf 95' lang='lat' dir='ltr'><strong> </strong></span> 
     </span>
    </p>
   </div>
   <div class='ocr_carea' id='block_1_3' title="bbox 245 213 821 280">
    <p class='ocr_par' dir='ltr' id='par_1_3' title="bbox 245 213 821 280">
     <span class='ocr_line' id='line_1_3' title="bbox 245 213 821 280; baseline -0.012 0"><span class='ocrx_word' id='word_1_3' title='bbox 245 220 286 280; x_wconf 85' lang='grc'><strong>96</strong></span> <span class='ocrx_word' id='word_1_4' title='bbox 669 213 703 275; x_wconf 78' lang='lat' dir='ltr'><strong>(l.</strong></span> <span class='ocrx_word' id='word_1_5' title='bbox 725 213 821 274; x_wconf 86' lang='lat' dir='ltr'><strong>Plle</strong></span> 
     </span>
    </p>
   </div>
   <div class='ocr_carea' id='block_1_4' title="bbox 202 364 1289 3542">
    <p class='ocr_par' dir='ltr' id='par_1_4' title="bbox 202 364 1289 3542">
     <span class='ocr_line' id='line_1_4' title="bbox 245 364 1251 446; baseline -0.006 -15"><span class='ocrx_word' id='word_1_6' title='bbox 245 372 310 431; x_wconf 87' lang='lat' dir='ltr'><strong>fons</strong></span> <span class='ocrx_word' id='word_1_7' title='bbox 325 370 418 446; x_wconf 87' lang='lat' dir='ltr'><strong>egerit</strong></span> <span class='ocrx_word' id='word_1_8' title='bbox 434 385 533 446; x_wconf 89' lang='lat' dir='ltr'><strong>aquam</strong></span> <span class='ocrx_word' id='word_1_9' title='bbox 549 377 579 428; x_wconf 90' lang='lat' dir='ltr'><strong>et</strong></span> <span class='ocrx_word' id='word_1_10' title='bbox 593 369 710 445; x_wconf 79' lang='lat' dir='ltr'>recipit:</span> <span class='ocrx_word' id='word_1_11' title='bbox 731 384 795 425; x_wconf 89' lang='lat' dir='ltr'><strong>nam</strong></span> <span class='ocrx_word' id='word_1_12' title='bbox 809 366 930 442; x_wconf 82' lang='lat' dir='ltr'><strong>expulsa</strong></span> <span class='ocrx_word' id='word_1_13' title='bbox 942 367 971 424; x_wconf 92' lang='lat' dir='ltr'><strong>in</strong></span> <span class='ocrx_word' id='word_1_14' title='bbox 982 364 1068 424; x_wconf 89' lang='lat' dir='ltr'><strong>altum</strong></span> <span class='ocrx_word' id='word_1_15' title='bbox 1083 367 1110 424; x_wconf 89' lang='lat' dir='ltr'><strong>in</strong></span> <span class='ocrx_word' id='word_1_16' title='bbox 1126 384 1159 424; x_wconf 91' lang='lat' dir='ltr'><strong>se</strong></span> <span class='ocrx_word' id='word_1_17' title='bbox 1175 364 1251 426; x_wconf 90' lang='lat' dir='ltr'><strong>cadit</strong></span> 
     </span>
     <span class='ocr_line' id='line_1_5' title="bbox 245 449 1250 530; baseline -0.007 -15"><span class='ocrx_word' id='word_1_18' title='bbox 245 457 406 530; x_wconf 85' lang='lat' dir='ltr'><strong>iunctisque</strong></span> <span class='ocrx_word' id='word_1_19' title='bbox 420 451 542 512; x_wconf 80' lang='lat' dir='ltr'><strong>hiatibus</strong></span> <span class='ocrx_word' id='word_1_20' title='bbox 558 461 588 512; x_wconf 85' lang='lat' dir='ltr'><strong>et</strong></span> <span class='ocrx_word' id='word_1_21' title='bbox 602 451 771 510; x_wconf 77' lang='lat' dir='ltr'><strong>absorbetur</strong></span> <span class='ocrx_word' id='word_1_22' title='bbox 785 459 813 509; x_wconf 92' lang='lat' dir='ltr'><strong>et</strong></span> <span class='ocrx_word' id='word_1_23' title='bbox 827 449 944 509; x_wconf 91' lang='lat' dir='ltr'><strong>tollitur.</strong></span> <span class='ocrx_word' id='word_1_24' title='bbox 973 449 997 508; x_wconf 86' lang='lat' dir='ltr'>E</span> <span class='ocrx_word' id='word_1_25' title='bbox 1013 451 1132 526; x_wconf 76' lang='lat' dir='ltr'>regione</span> <span class='ocrx_word' id='word_1_26' title='bbox 1148 449 1250 508; x_wconf 88' lang='lat' dir='ltr'><strong>stibadi</strong></span> 
     </span>
     <span class='ocr_line' id='line_1_6' title="bbox 246 532 1249 610; baseline -0.008 -12"><span class='ocrx_word' id='word_1_27' title='bbox 246 538 396 598; x_wconf 83' lang='lat' dir='ltr'><strong>adversum</strong></span> <span class='ocrx_word' id='word_1_28' title='bbox 418 536 578 596; x_wconf 92' lang='lat' dir='ltr'><strong>cubiculum</strong></span> <span class='ocrx_word' id='word_1_29' title='bbox 596 544 700 594; x_wconf 87' lang='lat' dir='ltr'><strong>tautum</strong></span> <span class='ocrx_word' id='word_1_30' title='bbox 721 532 842 593; x_wconf 88' lang='lat' dir='ltr'><strong>stibadio</strong></span> <span class='ocrx_word' id='word_1_31' title='bbox 866 533 958 594; x_wconf 86' lang='lat' dir='ltr'><strong>reddit</strong></span> <span class='ocrx_word' id='word_1_32' title='bbox 979 543 1094 592; x_wconf 89' lang='lat' dir='ltr'><strong>ornatus</strong></span> <span class='ocrx_word' id='word_1_33' title='bbox 1117 542 1249 610; x_wconf 89' lang='lat' dir='ltr'><strong>quantum</strong></span> 
     </span>
     <span class='ocr_line' id='line_1_7' title="bbox 202 616 1250 700; baseline -0.006 -18"><span class='ocrx_word' id='word_1_34' title='bbox 202 623 352 700; x_wconf 82' lang='lat' dir='ltr'><strong>38accipit</strong></span> <span class='ocrx_word' id='word_1_35' title='bbox 372 621 407 679; x_wconf 89' lang='lat' dir='ltr'><strong>ab</strong></span> <span class='ocrx_word' id='word_1_36' title='bbox 430 619 489 678; x_wconf 89' lang='lat' dir='ltr'><strong>illo.</strong></span> <span class='ocrx_word' id='word_1_37' title='bbox 523 619 661 678; x_wconf 87' lang='lat' dir='ltr'><strong>llarmure</strong></span> <span class='ocrx_word' id='word_1_38' title='bbox 681 617 831 693; x_wconf 79' lang='lat' dir='ltr'><strong>splendet,</strong></span> <span class='ocrx_word' id='word_1_39' title='bbox 849 616 940 676; x_wconf 83' lang='lat' dir='ltr'><strong>valvis</strong></span> <span class='ocrx_word' id='word_1_40' title='bbox 955 618 982 674; x_wconf 92' lang='lat' dir='ltr'><strong>io</strong></span> <span class='ocrx_word' id='word_1_41' title='bbox 997 617 1094 675; x_wconf 88' lang='lat' dir='ltr'><strong>viridia</strong></span> <span class='ocrx_word' id='word_1_42' title='bbox 1109 619 1250 693; x_wconf 79' lang='lat' dir='ltr'><strong>prominet</strong></span> 
     </span>
     <span class='ocr_line' id='line_1_8' title="bbox 247 699 1271 779; baseline -0.001 -14"><span class='ocrx_word' id='word_1_43' title='bbox 247 716 276 766; x_wconf 92' lang='lat' dir='ltr'><strong>et</strong></span> <span class='ocrx_word' id='word_1_44' title='bbox 292 707 366 779; x_wconf 83' lang='lat' dir='ltr'><strong>exit,</strong></span> <span class='ocrx_word' id='word_1_45' title='bbox 387 702 439 762; x_wconf 88' lang='lat' dir='ltr'><strong>alia</strong></span> <span class='ocrx_word' id='word_1_46' title='bbox 454 702 551 761; x_wconf 83' lang='lat' dir='ltr'><strong>viridia</strong></span> <span class='ocrx_word' id='word_1_47' title='bbox 567 702 762 779; x_wconf 86' lang='lat' dir='ltr'><strong>superioribus</strong></span> <span class='ocrx_word' id='word_1_48' title='bbox 778 699 1017 778; x_wconf 90' lang='lat' dir='ltr'><strong>inferioribusque</strong></span> <span class='ocrx_word' id='word_1_49' title='bbox 1034 700 1168 759; x_wconf 80' lang='lat' dir='ltr'><strong>fenestris</strong></span> <span class='ocrx_word' id='word_1_50' title='bbox 1186 713 1271 764; x_wconf 82' lang='lat' dir='ltr'><strong>sus-5</strong></span> 
     </span>
     <span class='ocr_line' id='line_1_9' title="bbox 248 783 1249 866; baseline -0.007 -18"><span class='ocrx_word' id='word_1_51' title='bbox 248 790 316 866; x_wconf 82' lang='lat' dir='ltr'><strong>cipit</strong></span> <span class='ocrx_word' id='word_1_52' title='bbox 338 786 516 862; x_wconf 86' lang='lat' dir='ltr'><strong>dispicitque.</strong></span> <span class='ocrx_word' id='word_1_53' title='bbox 552 784 621 844; x_wconf 83' lang='lat' dir='ltr'><strong>blox</strong></span> <span class='ocrx_word' id='word_1_54' title='bbox 640 783 790 844; x_wconf 79' lang='lat' dir='ltr'><strong>zothecula</strong></span> <span class='ocrx_word' id='word_1_55' title='bbox 810 783 916 861; x_wconf 78' lang='lat' dir='ltr'><strong>refugit</strong></span> <span class='ocrx_word' id='word_1_56' title='bbox 938 785 1023 862; x_wconf 84' lang='lat' dir='ltr'><strong>quasi</strong></span> <span class='ocrx_word' id='word_1_57' title='bbox 1038 786 1066 841; x_wconf 92' lang='lat' dir='ltr'><strong>in</strong></span> <span class='ocrx_word' id='word_1_58' title='bbox 1088 783 1249 843; x_wconf 82' lang='lat' dir='ltr'><strong>cubiculum</strong></span> 
     </span>
     <span class='ocr_line' id='line_1_10' title="bbox 245 866 1249 948; baseline -0.005 -17"><span class='ocrx_word' id='word_1_59' title='bbox 245 872 320 931; x_wconf 91' lang='lat' dir='ltr'><strong>idem</strong></span> <span class='ocrx_word' id='word_1_60' title='bbox 333 881 418 948; x_wconf 89' lang='lat' dir='ltr'><strong>atque</strong></span> <span class='ocrx_word' id='word_1_61' title='bbox 438 868 522 928; x_wconf 90' lang='lat' dir='ltr'><strong>aliud.</strong></span> <span class='ocrx_word' id='word_1_62' title='bbox 555 868 659 928; x_wconf 84' lang='lat' dir='ltr'><strong>Lectus</strong></span> <span class='ocrx_word' id='word_1_63' title='bbox 677 868 725 927; x_wconf 93' lang='lat' dir='ltr'><strong>hic</strong></span> <span class='ocrx_word' id='word_1_64' title='bbox 746 878 775 927; x_wconf 90' lang='lat' dir='ltr'><strong>ct</strong></span> <span class='ocrx_word' id='word_1_65' title='bbox 791 867 915 945; x_wconf 88' lang='lat' dir='ltr'><strong>undique</strong></span> <span class='ocrx_word' id='word_1_66' title='bbox 930 866 1091 943; x_wconf 77' lang='lat' dir='ltr'><strong>fenestrae,</strong></span> <span class='ocrx_word' id='word_1_67' title='bbox 1113 877 1249 927; x_wconf 87' lang='lat' dir='ltr'><strong>ettamen</strong></span> 
     </span>
     <span class='ocr_line' id='line_1_11' title="bbox 204 950 1250 1029; baseline -0.005 -15"><span class='ocrx_word' id='word_1_68' title='bbox 204 955 339 1023; x_wconf 87' lang='lat' dir='ltr'><strong>39lumeu</strong></span> <span class='ocrx_word' id='word_1_69' title='bbox 364 953 515 1012; x_wconf 90' lang='lat' dir='ltr'><strong>obscurum</strong></span> <span class='ocrx_word' id='word_1_70' title='bbox 532 953 629 1011; x_wconf 90' lang='lat' dir='ltr'><strong>umbra</strong></span> <span class='ocrx_word' id='word_1_71' title='bbox 648 961 806 1029; x_wconf 87' lang='lat' dir='ltr'><strong>premente.</strong></span> <span class='ocrx_word' id='word_1_72' title='bbox 844 950 914 1010; x_wconf 87' lang='lat' dir='ltr'><strong>Nam</strong></span> <span class='ocrx_word' id='word_1_73' title='bbox 934 951 1088 1010; x_wconf 89' lang='lat' dir='ltr'><strong>laetissima</strong></span> <span class='ocrx_word' id='word_1_74' title='bbox 1110 953 1176 1011; x_wconf 88' lang='lat' dir='ltr'><strong>vitis</strong></span> <span class='ocrx_word' id='word_1_75' title='bbox 1196 969 1250 1029; x_wconf 90' lang='lat' dir='ltr'><strong>per</strong></span> 
     </span>
     <span class='ocr_line' id='line_1_12' title="bbox 246 1033 1250 1113; baseline -0.006 -15"><span class='ocrx_word' id='word_1_76' title='bbox 246 1056 328 1098; x_wconf 91' lang='lat' dir='ltr'><strong>omne</strong></span> <span class='ocrx_word' id='word_1_77' title='bbox 345 1046 452 1095; x_wconf 89' lang='lat' dir='ltr'><strong>tectum</strong></span> <span class='ocrx_word' id='word_1_78' title='bbox 467 1038 494 1094; x_wconf 91' lang='lat' dir='ltr'><strong>in</strong></span> <span class='ocrx_word' id='word_1_79' title='bbox 511 1035 622 1095; x_wconf 89' lang='lat' dir='ltr'><strong>culmen</strong></span> <span class='ocrx_word' id='word_1_80' title='bbox 638 1037 733 1095; x_wconf 88' lang='lat' dir='ltr'><strong>nititur</strong></span> <span class='ocrx_word' id='word_1_81' title='bbox 744 1045 773 1094; x_wconf 90' lang='lat' dir='ltr'><strong>et</strong></span> <span class='ocrx_word' id='word_1_82' title='bbox 785 1034 922 1094; x_wconf 91' lang='lat' dir='ltr'><strong>ascendit.</strong></span> <span class='ocrx_word' id='word_1_83' title='bbox 942 1033 1006 1093; x_wconf 85' lang='lat' dir='ltr'><strong>Non</strong></span> <span class='ocrx_word' id='word_1_84' title='bbox 1018 1053 1104 1094; x_wconf 89' lang='lat' dir='ltr'><strong>secus</strong></span> <span class='ocrx_word' id='word_1_85' title='bbox 1116 1035 1155 1093; x_wconf 91' lang='lat' dir='ltr'><strong>ibi</strong></span> <span class='ocrx_word' id='word_1_86' title='bbox 1168 1052 1250 1113; x_wconf 90' lang='lat' dir='ltr'><strong>quam</strong></span> 
     </span>
     <span class='ocr_line' id='line_1_13' title="bbox 245 1120 1289 1197; baseline -0.004 -17"><span class='ocrx_word' id='word_1_87' title='bbox 245 1124 273 1180; x_wconf 91' lang='lat' dir='ltr'><strong>in</strong></span> <span class='ocrx_word' id='word_1_88' title='bbox 289 1138 404 1179; x_wconf 90' lang='lat' dir='ltr'><strong>nemore</strong></span> <span class='ocrx_word' id='word_1_89' title='bbox 419 1121 526 1195; x_wconf 88' lang='lat' dir='ltr'><strong>iaceas,</strong></span> <span class='ocrx_word' id='word_1_90' title='bbox 541 1120 658 1178; x_wconf 90' lang='lat' dir='ltr'><strong>imbrem</strong></span> <span class='ocrx_word' id='word_1_91' title='bbox 674 1128 777 1179; x_wconf 88' lang='lat' dir='ltr'><strong>tautum</strong></span> <span class='ocrx_word' id='word_1_92' title='bbox 794 1128 929 1197; x_wconf 89' lang='lat' dir='ltr'><strong>tamquam</strong></span> <span class='ocrx_word' id='word_1_93' title='bbox 944 1121 971 1177; x_wconf 91' lang='lat' dir='ltr'><strong>in</strong></span> <span class='ocrx_word' id='word_1_94' title='bbox 983 1135 1098 1178; x_wconf 86' lang='lat' dir='ltr'><strong>nemore</strong></span> <span class='ocrx_word' id='word_1_95' title='bbox 1113 1136 1170 1177; x_wconf 91' lang='lat' dir='ltr'><strong>nou</strong></span> <span class='ocrx_word' id='word_1_96' title='bbox 1186 1137 1250 1178; x_wconf 91' lang='lat' dir='ltr'><strong>sen·</strong></span> <span class='ocrx_word' id='word_1_97' title='bbox 1259 1137 1289 1188; x_wconf 85' lang='lat'><strong>10</strong></span> 
     </span>
     <span class='ocr_line' id='line_1_14' title="bbox 203 1202 1249 1281; baseline -0.005 -15"><span class='ocrx_word' id='word_1_98' title='bbox 203 1207 308 1273; x_wconf 67' lang='lat' dir='ltr'><strong>cotias.</strong></span> <span class='ocrx_word' id='word_1_99' title='bbox 333 1204 385 1264; x_wconf 91' lang='lat' dir='ltr'><strong>llic</strong></span> <span class='ocrx_word' id='word_1_100' title='bbox 401 1221 514 1281; x_wconf 84' lang='lat' dir='ltr'><strong>quoque</strong></span> <span class='ocrx_word' id='word_1_101' title='bbox 527 1203 590 1263; x_wconf 90' lang='lat' dir='ltr'><strong>fons</strong></span> <span class='ocrx_word' id='word_1_102' title='bbox 602 1202 881 1281; x_wconf 62' lang='lat' dir='ltr'><strong>nasciturpimulquc</strong></span> <span class='ocrx_word' id='word_1_103' title='bbox 895 1203 1069 1262; x_wconf 79' lang='lat' dir='ltr'><strong>subducitur.</strong></span> <span class='ocrx_word' id='word_1_104' title='bbox 1090 1204 1161 1261; x_wconf 90' lang='lat' dir='ltr'><strong>Sunt</strong></span> <span class='ocrx_word' id='word_1_105' title='bbox 1176 1202 1249 1262; x_wconf 90' lang='lat' dir='ltr'><strong>locis</strong></span> 
     </span>
     <span class='ocr_line' id='line_1_15' title="bbox 248 1285 1248 1365; baseline 0 -19"><span class='ocrx_word' id='word_1_106' title='bbox 248 1288 376 1365; x_wconf 87' lang='lat' dir='ltr'><strong>pluribus</strong></span> <span class='ocrx_word' id='word_1_107' title='bbox 388 1287 526 1365; x_wconf 90' lang='lat' dir='ltr'><strong>disposita</strong></span> <span class='ocrx_word' id='word_1_108' title='bbox 544 1286 644 1347; x_wconf 89' lang='lat' dir='ltr'><strong>sedilia</strong></span> <span class='ocrx_word' id='word_1_109' title='bbox 659 1307 676 1346; x_wconf 90' lang='lat' dir='ltr'><strong>e</strong></span> <span class='ocrx_word' id='word_1_110' title='bbox 693 1304 842 1362; x_wconf 81' lang='lat' dir='ltr'><strong>mandore,</strong></span> <span class='ocrx_word' id='word_1_111' title='bbox 860 1305 932 1364; x_wconf 91' lang='lat' dir='ltr'><strong>quae</strong></span> <span class='ocrx_word' id='word_1_112' title='bbox 946 1285 1136 1345; x_wconf 86' lang='lat' dir='ltr'><strong>ambulatione</strong></span> <span class='ocrx_word' id='word_1_113' title='bbox 1153 1285 1248 1346; x_wconf 89' lang='lat' dir='ltr'><strong>fessos</strong></span> 
     </span>
     <span class='ocr_line' id='line_1_16' title="bbox 247 1369 1249 1448; baseline -0.002 -18"><span class='ocrx_word' id='word_1_114' title='bbox 247 1383 277 1432; x_wconf 93' lang='lat' dir='ltr'><strong>ut</strong></span> <span class='ocrx_word' id='word_1_115' title='bbox 291 1371 450 1432; x_wconf 85' lang='lat' dir='ltr'><strong>cubiculum</strong></span> <span class='ocrx_word' id='word_1_116' title='bbox 472 1372 562 1448; x_wconf 90' lang='lat' dir='ltr'><strong>ipsum</strong></span> <span class='ocrx_word' id='word_1_117' title='bbox 583 1372 687 1430; x_wconf 81' lang='lat' dir='ltr'><strong>iuvant.</strong></span> <span class='ocrx_word' id='word_1_118' title='bbox 720 1369 860 1437; x_wconf 84' lang='lat' dir='ltr'><strong>Fonticuli</strong></span> <span class='ocrx_word' id='word_1_119' title='bbox 876 1369 1012 1430; x_wconf 87' lang='lat' dir='ltr'><strong>sedilibus</strong></span> <span class='ocrx_word' id='word_1_120' title='bbox 1027 1371 1170 1437; x_wconf 82' lang='lat' dir='ltr'><strong>adiacent3</strong></span> <span class='ocrx_word' id='word_1_121' title='bbox 1196 1388 1249 1447; x_wconf 92' lang='lat' dir='ltr'><strong>per</strong></span> 
     </span>
     <span class='ocr_line' id='line_1_17' title="bbox 246 1453 1248 1532; baseline -0.004 -15"><span class='ocrx_word' id='word_1_122' title='bbox 246 1467 335 1517; x_wconf 91' lang='lat' dir='ltr'><strong>totum</strong></span> <span class='ocrx_word' id='word_1_123' title='bbox 351 1454 564 1531; x_wconf 86' lang='lat' dir='ltr'><strong>hippodromum</strong></span> <span class='ocrx_word' id='word_1_124' title='bbox 582 1454 687 1513; x_wconf 86' lang='lat' dir='ltr'><strong>inducti</strong></span> <span class='ocrx_word' id='word_1_125' title='bbox 702 1453 802 1515; x_wconf 89' lang='lat' dir='ltr'><strong>fistulis</strong></span> <span class='ocrx_word' id='word_1_126' title='bbox 818 1463 948 1532; x_wconf 87' lang='lat' dir='ltr'><strong>strepunt</strong></span> <span class='ocrx_word' id='word_1_127' title='bbox 971 1455 1022 1512; x_wconf 90' lang='lat' dir='ltr'><strong>rivi</strong></span> <span class='ocrx_word' id='word_1_128' title='bbox 1037 1464 1066 1513; x_wconf 93' lang='lat' dir='ltr'><strong>et</strong></span> <span class='ocrx_word' id='word_1_129' title='bbox 1082 1471 1135 1530; x_wconf 90' lang='lat' dir='ltr'><strong>qua</strong></span> <span class='ocrx_word' id='word_1_130' title='bbox 1151 1471 1248 1513; x_wconf 89' lang='lat' dir='ltr'><strong>manus</strong></span> 
     </span>
     <span class='ocr_line' id='line_1_18' title="bbox 247 1536 1287 1612; baseline 0.001 -14"><span class='ocrx_word' id='word_1_131' title='bbox 247 1541 324 1599; x_wconf 87' lang='lat' dir='ltr'><strong>duxit</strong></span> <span class='ocrx_word' id='word_1_132' title='bbox 336 1547 480 1597; x_wconf 89' lang='lat' dir='ltr'><strong>secuntur.</strong></span> <span class='ocrx_word' id='word_1_133' title='bbox 503 1536 553 1597; x_wconf 90' lang='lat' dir='ltr'><strong>llis</strong></span> <span class='ocrx_word' id='word_1_134' title='bbox 567 1557 641 1598; x_wconf 92' lang='lat' dir='ltr'><strong>nunc</strong></span> <span class='ocrx_word' id='word_1_135' title='bbox 653 1537 701 1597; x_wconf 92' lang='lat' dir='ltr'><strong>illa</strong></span> <span class='ocrx_word' id='word_1_136' title='bbox 714 1538 811 1597; x_wconf 84' lang='lat' dir='ltr'><strong>viridia</strong></span> <span class='ocrx_word' id='word_1_137' title='bbox 824 1557 898 1597; x_wconf 91' lang='lat' dir='ltr'><strong>nunc</strong></span> <span class='ocrx_word' id='word_1_138' title='bbox 913 1538 995 1612; x_wconf 87' lang='lat' dir='ltr'><strong>haec,</strong></span> <span class='ocrx_word' id='word_1_139' title='bbox 1012 1538 1150 1596; x_wconf 87' lang='lat' dir='ltr'><strong>interdum</strong></span> <span class='ocrx_word' id='word_1_140' title='bbox 1166 1536 1247 1596; x_wconf 92' lang='lat' dir='ltr'><strong>simul</strong></span> <span class='ocrx_word' id='word_1_141' title='bbox 1258 1547 1287 1598; x_wconf 83' lang='lat'><strong>15</strong></span> 
     </span>
     <span class='ocr_line' id='line_1_19' title="bbox 247 1620 1249 1698; baseline -0.004 -16"><span class='ocrx_word' id='word_1_142' title='bbox 247 1623 337 1682; x_wconf 88' lang='lat' dir='ltr'><strong>omnia</strong></span> <span class='ocrx_word' id='word_1_143' title='bbox 351 1620 486 1679; x_wconf 85' lang='lat' dir='ltr'><strong>lavantur.</strong></span> <span class='ocrx_word' id='word_1_144' title='bbox 520 1620 661 1681; x_wconf 86' lang='lat' dir='ltr'><strong>Vitassem</strong></span> <span class='ocrx_word' id='word_1_145' title='bbox 675 1624 728 1680; x_wconf 92' lang='lat' dir='ltr'><strong>iam</strong></span> <span class='ocrx_word' id='word_1_146' title='bbox 743 1621 845 1680; x_wconf 90' lang='lat' dir='ltr'><strong>dudum</strong></span> <span class='ocrx_word' id='word_1_147' title='bbox 860 1622 1022 1681; x_wconf 77' lang='lat' dir='ltr'><strong>occiderer</strong></span> <span class='ocrx_word' id='word_1_148' title='bbox 1037 1622 1179 1698; x_wconf 81' lang='lat' dir='ltr'><strong>argutior,</strong></span> <span class='ocrx_word' id='word_1_149' title='bbox 1196 1622 1249 1680; x_wconf 89' lang='lat' dir='ltr'><strong>uisi</strong></span> 
     </span>
     <span class='ocr_line' id='line_1_20' title="bbox 204 1703 1248 1783; baseline 0.001 -21"><span class='ocrx_word' id='word_1_150' title='bbox 204 1725 235 1774; x_wconf 74' lang='lat' dir='ltr'><strong>ll</strong></span> <span class='ocrx_word' id='word_1_151' title='bbox 247 1706 462 1783; x_wconf 87' lang='lat' dir='ltr'><strong>proposuissem</strong></span> <span class='ocrx_word' id='word_1_152' title='bbox 479 1722 578 1765; x_wconf 91' lang='lat' dir='ltr'><strong>omnes</strong></span> <span class='ocrx_word' id='word_1_153' title='bbox 592 1704 712 1782; x_wconf 89' lang='lat' dir='ltr'><strong>angulos</strong></span> <span class='ocrx_word' id='word_1_154' title='bbox 723 1715 818 1764; x_wconf 89' lang='lat' dir='ltr'><strong>tecum</strong></span> <span class='ocrx_word' id='word_1_155' title='bbox 829 1704 949 1782; x_wconf 89' lang='lat' dir='ltr'><strong>epistula</strong></span> <span class='ocrx_word' id='word_1_156' title='bbox 967 1708 1123 1765; x_wconf 88' lang='lat' dir='ltr'><strong>circumire.</strong></span> <span class='ocrx_word' id='word_1_157' title='bbox 1146 1703 1248 1782; x_wconf 87' lang='lat' dir='ltr'><strong>Neque</strong></span> 
     </span>
     <span class='ocr_line' id='line_1_21' title="bbox 247 1788 1248 1868; baseline -0.001 -21"><span class='ocrx_word' id='word_1_158' title='bbox 247 1791 320 1847; x_wconf 89' lang='lat' dir='ltr'><strong>enim</strong></span> <span class='ocrx_word' id='word_1_159' title='bbox 334 1789 456 1847; x_wconf 84' lang='lat' dir='ltr'><strong>verebar</strong></span> <span class='ocrx_word' id='word_1_160' title='bbox 467 1808 503 1848; x_wconf 93' lang='lat' dir='ltr'><strong>ne</strong></span> <span class='ocrx_word' id='word_1_161' title='bbox 516 1788 687 1851; x_wconf 87' lang='lat' dir='ltr'><strong>laboriosum</strong></span> <span class='ocrx_word' id='word_1_162' title='bbox 700 1799 780 1849; x_wconf 88' lang='lat' dir='ltr'><strong>esset</strong></span> <span class='ocrx_word' id='word_1_163' title='bbox 794 1788 902 1866; x_wconf 89' lang='lat' dir='ltr'><strong>legenti</strong></span> <span class='ocrx_word' id='word_1_164' title='bbox 914 1790 964 1848; x_wconf 91' lang='lat' dir='ltr'><strong>tibi</strong></span> <span class='ocrx_word' id='word_1_165' title='bbox 982 1789 1056 1868; x_wconf 90' lang='lat' dir='ltr'><strong>quod</strong></span> <span class='ocrx_word' id='word_1_166' title='bbox 1073 1791 1175 1848; x_wconf 86' lang='lat' dir='ltr'><strong>visenti</strong></span> <span class='ocrx_word' id='word_1_167' title='bbox 1193 1806 1248 1846; x_wconf 91' lang='lat' dir='ltr'><strong>nou</strong></span> 
     </span>
     <span class='ocr_line' id='line_1_22' title="bbox 246 1871 1248 1950; baseline 0 -20"><span class='ocrx_word' id='word_1_168' title='bbox 246 1871 360 1947; x_wconf 91' lang='lat' dir='ltr'><strong>fuisset,</strong></span> <span class='ocrx_word' id='word_1_169' title='bbox 377 1875 544 1950; x_wconf 87' lang='lat' dir='ltr'><strong>praesertim</strong></span> <span class='ocrx_word' id='word_1_170' title='bbox 560 1891 622 1932; x_wconf 91' lang='lat' dir='ltr'><strong>curn</strong></span> <span class='ocrx_word' id='word_1_171' title='bbox 639 1874 876 1950; x_wconf 83' lang='lat' dir='ltr'><strong>interquiescere,</strong></span> <span class='ocrx_word' id='word_1_172' title='bbox 892 1875 916 1933; x_wconf 91' lang='lat' dir='ltr'><strong>si</strong></span> <span class='ocrx_word' id='word_1_173' title='bbox 932 1873 1045 1949; x_wconf 88' lang='lat' dir='ltr'><strong>liberet,</strong></span> <span class='ocrx_word' id='word_1_174' title='bbox 1061 1872 1248 1950; x_wconf 89' lang='lat' dir='ltr'><strong>depositaque</strong></span> 
     </span>
     <span class='ocr_line' id='line_1_23' title="bbox 247 1955 1287 2036; baseline -0.002 -21"><span class='ocrx_word' id='word_1_175' title='bbox 247 1955 369 2032; x_wconf 88' lang='lat' dir='ltr'><strong>epistula</strong></span> <span class='ocrx_word' id='word_1_176' title='bbox 385 1957 463 2034; x_wconf 91' lang='lat' dir='ltr'><strong>quasi</strong></span> <span class='ocrx_word' id='word_1_177' title='bbox 476 1957 603 2016; x_wconf 87' lang='lat' dir='ltr'><strong>residere</strong></span> <span class='ocrx_word' id='word_1_178' title='bbox 618 1958 732 2035; x_wconf 90' lang='lat' dir='ltr'><strong>saepius</strong></span> <span class='ocrx_word' id='word_1_179' title='bbox 743 1974 858 2036; x_wconf 90' lang='lat' dir='ltr'><strong>posses.</strong></span> <span class='ocrx_word' id='word_1_180' title='bbox 880 1957 1031 2017; x_wconf 88' lang='lat' dir='ltr'><strong>Praeterea</strong></span> <span class='ocrx_word' id='word_1_181' title='bbox 1044 1956 1146 2015; x_wconf 90' lang='lat' dir='ltr'><strong>indulsi</strong></span> <span class='ocrx_word' id='word_1_182' title='bbox 1162 1956 1248 2014; x_wconf 87' lang='lat' dir='ltr'><strong>amori</strong></span> <span class='ocrx_word' id='word_1_183' title='bbox 1255 1970 1287 2022; x_wconf 77' lang='lat'><strong>20</strong></span> 
     </span>
     <span class='ocr_line' id='line_1_24' title="bbox 247 2041 1248 2120; baseline 0 -24"><span class='ocrx_word' id='word_1_184' title='bbox 247 2058 327 2099; x_wconf 87' lang='lat' dir='ltr'><strong>meo:</strong></span> <span class='ocrx_word' id='word_1_185' title='bbox 351 2058 412 2098; x_wconf 89' lang='lat' dir='ltr'><strong>amo</strong></span> <span class='ocrx_word' id='word_1_186' title='bbox 435 2043 509 2100; x_wconf 90' lang='lat' dir='ltr'><strong>enim</strong></span> <span class='ocrx_word' id='word_1_187' title='bbox 526 2060 598 2118; x_wconf 90' lang='lat' dir='ltr'><strong>quae</strong></span> <span class='ocrx_word' id='word_1_188' title='bbox 621 2044 738 2101; x_wconf 89' lang='lat' dir='ltr'><strong>maxima</strong></span> <span class='ocrx_word' id='word_1_189' title='bbox 756 2061 793 2101; x_wconf 87' lang='lat' dir='ltr'><strong>ex</strong></span> <span class='ocrx_word' id='word_1_190' title='bbox 811 2051 890 2120; x_wconf 83' lang='lat' dir='ltr'><strong>parte</strong></span> <span class='ocrx_word' id='word_1_191' title='bbox 914 2044 976 2119; x_wconf 89' lang='lat' dir='ltr'><strong>ipse</strong></span> <span class='ocrx_word' id='word_1_192' title='bbox 996 2041 1126 2101; x_wconf 86' lang='lat' dir='ltr'><strong>inchoavi</strong></span> <span class='ocrx_word' id='word_1_193' title='bbox 1144 2048 1191 2098; x_wconf 90' lang='lat' dir='ltr'><strong>aut</strong></span> <span class='ocrx_word' id='word_1_194' title='bbox 1209 2041 1248 2097; x_wconf 90' lang='lat' dir='ltr'><strong>in·</strong></span> 
     </span>
     <span class='ocr_line' id='line_1_25' title="bbox 204 2123 1249 2204; baseline -0.004 -20"><span class='ocrx_word' id='word_1_195' title='bbox 204 2133 238 2184; x_wconf 79' lang='lat'><strong>42</strong></span> <span class='ocrx_word' id='word_1_196' title='bbox 249 2125 348 2184; x_wconf 87' lang='lat' dir='ltr'><strong>choata</strong></span> <span class='ocrx_word' id='word_1_197' title='bbox 369 2125 508 2204; x_wconf 87' lang='lat' dir='ltr'><strong>percolui.</strong></span> <span class='ocrx_word' id='word_1_198' title='bbox 531 2124 562 2184; x_wconf 92' lang='lat' dir='ltr'><strong>ln</strong></span> <span class='ocrx_word' id='word_1_199' title='bbox 576 2142 692 2201; x_wconf 88' lang='lat' dir='ltr'><strong>summa,</strong></span> <span class='ocrx_word' id='word_1_200' title='bbox 706 2127 774 2204; x_wconf 89' lang='lat' dir='ltr'><strong>(cur</strong></span> <span class='ocrx_word' id='word_1_201' title='bbox 786 2129 859 2185; x_wconf 90' lang='lat' dir='ltr'><strong>euim</strong></span> <span class='ocrx_word' id='word_1_202' title='bbox 870 2144 926 2199; x_wconf 88' lang='lat' dir='ltr'><strong>non</strong></span> <span class='ocrx_word' id='word_1_203' title='bbox 941 2126 1063 2203; x_wconf 91' lang='lat' dir='ltr'><strong>aperiam</strong></span> <span class='ocrx_word' id='word_1_204' title='bbox 1081 2125 1130 2184; x_wconf 87' lang='lat' dir='ltr'><strong>tibi</strong></span> <span class='ocrx_word' id='word_1_205' title='bbox 1145 2123 1193 2182; x_wconf 88' lang='lat' dir='ltr'><strong>vel</strong></span> <span class='ocrx_word' id='word_1_206' title='bbox 1208 2124 1249 2181; x_wconf 92' lang='lat' dir='ltr'><strong>iu·</strong></span> 
     </span>
     <span class='ocr_line' id='line_1_26' title="bbox 247 2207 1249 2289; baseline -0.001 -22"><span class='ocrx_word' id='word_1_207' title='bbox 247 2209 348 2268; x_wconf 89' lang='lat' dir='ltr'><strong>dicium</strong></span> <span class='ocrx_word' id='word_1_208' title='bbox 369 2226 462 2268; x_wconf 89' lang='lat' dir='ltr'><strong>meum</strong></span> <span class='ocrx_word' id='word_1_209' title='bbox 483 2209 530 2269; x_wconf 89' lang='lat' dir='ltr'><strong>vel</strong></span> <span class='ocrx_word' id='word_1_210' title='bbox 551 2207 715 2287; x_wconf 85' lang='lat' dir='ltr'><strong>errorem?)</strong></span> <span class='ocrx_word' id='word_1_211' title='bbox 737 2212 854 2289; x_wconf 91' lang='lat' dir='ltr'><strong>primum</strong></span> <span class='ocrx_word' id='word_1_212' title='bbox 878 2227 934 2285; x_wconf 83' lang='lat' dir='ltr'><strong>ego</strong></span> <span class='ocrx_word' id='word_1_213' title='bbox 956 2208 1079 2267; x_wconf 88' lang='lat' dir='ltr'><strong>officium</strong></span> <span class='ocrx_word' id='word_1_214' title='bbox 1101 2208 1249 2285; x_wconf 89' lang='lat' dir='ltr'><strong>scriptoris</strong></span> 
     </span>
     <span class='ocr_line' id='line_1_27' title="bbox 247 2290 1250 2368; baseline -0.003 -16"><span class='ocrx_word' id='word_1_215' title='bbox 247 2294 376 2354; x_wconf 83' lang='lat' dir='ltr'><strong>existimo</strong></span> <span class='ocrx_word' id='word_1_216' title='bbox 396 2304 424 2352; x_wconf 92' lang='lat' dir='ltr'><strong>ut</strong></span> <span class='ocrx_word' id='word_1_217' title='bbox 443 2293 551 2353; x_wconf 90' lang='lat' dir='ltr'><strong>titulum</strong></span> <span class='ocrx_word' id='word_1_218' title='bbox 566 2310 645 2353; x_wconf 88' lang='lat' dir='ltr'><strong>suum</strong></span> <span class='ocrx_word' id='word_1_219' title='bbox 663 2292 739 2368; x_wconf 84' lang='lat' dir='ltr'><strong>legat</strong></span> <span class='ocrx_word' id='word_1_220' title='bbox 758 2293 850 2368; x_wconf 90' lang='lat' dir='ltr'><strong>adque</strong></span> <span class='ocrx_word' id='word_1_221' title='bbox 868 2290 1020 2349; x_wconf 89' lang='lat' dir='ltr'><strong>identidem</strong></span> <span class='ocrx_word' id='word_1_222' title='bbox 1042 2291 1201 2366; x_wconf 84' lang='lat' dir='ltr'><strong>interroget</strong></span> <span class='ocrx_word' id='word_1_223' title='bbox 1218 2308 1250 2351; x_wconf 92' lang='lat' dir='ltr'><strong>sc</strong></span> 
     </span>
     <span class='ocr_line' id='line_1_28' title="bbox 247 2373 1289 2454; baseline -0.002 -20"><span class='ocrx_word' id='word_1_224' title='bbox 247 2377 312 2453; x_wconf 92' lang='lat' dir='ltr'><strong>quid</strong></span> <span class='ocrx_word' id='word_1_225' title='bbox 331 2380 459 2454; x_wconf 83' lang='lat' dir='ltr'><strong>coeperit</strong></span> <span class='ocrx_word' id='word_1_226' title='bbox 477 2378 605 2435; x_wconf 91' lang='lat' dir='ltr'><strong>scribere</strong></span> <span class='ocrx_word' id='word_1_227' title='bbox 629 2377 774 2450; x_wconf 87' lang='lat' dir='ltr'><strong>sciatque,</strong></span> <span class='ocrx_word' id='word_1_228' title='bbox 798 2376 822 2433; x_wconf 93' lang='lat' dir='ltr'><strong>si</strong></span> <span class='ocrx_word' id='word_1_229' title='bbox 842 2374 974 2430; x_wconf 89' lang='lat' dir='ltr'><strong>materiae</strong></span> <span class='ocrx_word' id='word_1_230' title='bbox 992 2373 1169 2447; x_wconf 82' lang='lat' dir='ltr'><strong>immoratur,</strong></span> <span class='ocrx_word' id='word_1_231' title='bbox 1192 2382 1289 2435; x_wconf 73' lang='lat' dir='ltr'><strong>nonbt</strong></span> 
     </span>
     <span class='ocr_line' id='line_1_29' title="bbox 247 2452 1252 2534; baseline -0.004 -14"><span class='ocrx_word' id='word_1_232' title='bbox 247 2479 313 2521; x_wconf 90' lang='lat' dir='ltr'><strong>esse</strong></span> <span class='ocrx_word' id='word_1_233' title='bbox 336 2459 465 2534; x_wconf 85' lang='lat' dir='ltr'><strong>longum,</strong></span> <span class='ocrx_word' id='word_1_234' title='bbox 483 2458 693 2533; x_wconf 86' lang='lat' dir='ltr'><strong>longissimum,</strong></span> <span class='ocrx_word' id='word_1_235' title='bbox 717 2458 741 2514; x_wconf 93' lang='lat' dir='ltr'><strong>si</strong></span> <span class='ocrx_word' id='word_1_236' title='bbox 762 2454 865 2531; x_wconf 90' lang='lat' dir='ltr'><strong>aliquid</strong></span> <span class='ocrx_word' id='word_1_237' title='bbox 881 2455 1001 2512; x_wconf 90' lang='lat' dir='ltr'><strong>arcessit</strong></span> <span class='ocrx_word' id='word_1_238' title='bbox 1016 2452 1108 2530; x_wconf 89' lang='lat' dir='ltr'><strong>adque</strong></span> <span class='ocrx_word' id='word_1_239' title='bbox 1125 2455 1252 2516; x_wconf 87' lang='lat' dir='ltr'><strong>attrahit.</strong></span> 
     </span>
     <span class='ocr_line' id='line_1_30' title="bbox 207 2535 1250 2617; baseline -0.003 -15"><span class='ocrx_word' id='word_1_240' title='bbox 207 2541 333 2602; x_wconf 60' lang='lat' dir='ltr'><strong>divides</strong></span> <span class='ocrx_word' id='word_1_241' title='bbox 350 2551 417 2617; x_wconf 90' lang='lat' dir='ltr'><strong>quot</strong></span> <span class='ocrx_word' id='word_1_242' title='bbox 438 2541 570 2598; x_wconf 88' lang='lat' dir='ltr'><strong>versibus</strong></span> <span class='ocrx_word' id='word_1_243' title='bbox 589 2537 745 2613; x_wconf 90' lang='lat' dir='ltr'><strong>llomerus,</strong></span> <span class='ocrx_word' id='word_1_244' title='bbox 768 2548 836 2616; x_wconf 90' lang='lat' dir='ltr'><strong>quot</strong></span> <span class='ocrx_word' id='word_1_245' title='bbox 853 2535 998 2613; x_wconf 85' lang='lat' dir='ltr'><strong>Vergilius</strong></span> <span class='ocrx_word' id='word_1_246' title='bbox 1013 2555 1104 2614; x_wconf 90' lang='lat' dir='ltr'><strong>arma,</strong></span> <span class='ocrx_word' id='word_1_247' title='bbox 1125 2536 1172 2597; x_wconf 93' lang='lat' dir='ltr'><strong>hic</strong></span> <span class='ocrx_word' id='word_1_248' title='bbox 1191 2539 1250 2600; x_wconf 83' lang='lat' dir='ltr'><strong>Ae·</strong></span> 
     </span>
     <span class='ocr_line' id='line_1_31' title="bbox 246 2620 1250 2700; baseline -0.001 -17"><span class='ocrx_word' id='word_1_249' title='bbox 246 2641 335 2698; x_wconf 89' lang='lat' dir='ltr'><strong>neae,</strong></span> <span class='ocrx_word' id='word_1_250' title='bbox 351 2622 470 2681; x_wconf 81' lang='lat' dir='ltr'><strong>Achillis</strong></span> <span class='ocrx_word' id='word_1_251' title='bbox 486 2621 551 2696; x_wconf 91' lang='lat' dir='ltr'><strong>ille,</strong></span> <span class='ocrx_word' id='word_1_252' title='bbox 567 2620 723 2680; x_wconf 89' lang='lat' dir='ltr'><strong>describat:</strong></span> <span class='ocrx_word' id='word_1_253' title='bbox 745 2621 839 2681; x_wconf 85' lang='lat' dir='ltr'><strong>brevis</strong></span> <span class='ocrx_word' id='word_1_254' title='bbox 855 2631 947 2681; x_wconf 88' lang='lat' dir='ltr'><strong>tamen</strong></span> <span class='ocrx_word' id='word_1_255' title='bbox 964 2631 1084 2700; x_wconf 88' lang='lat' dir='ltr'><strong>uterque</strong></span> <span class='ocrx_word' id='word_1_256' title='bbox 1099 2631 1161 2698; x_wconf 90' lang='lat' dir='ltr'><strong>est,</strong></span> <span class='ocrx_word' id='word_1_257' title='bbox 1184 2625 1250 2700; x_wconf 87' lang='lat' dir='ltr'><strong>quia</strong></span> 
     </span>
     <span class='ocr_line' id='line_1_32' title="bbox 248 2703 1249 2783; baseline -0.002 -17"><span class='ocrx_word' id='word_1_258' title='bbox 248 2707 313 2766; x_wconf 89' lang='lat' dir='ltr'><strong>facit</strong></span> <span class='ocrx_word' id='word_1_259' title='bbox 335 2706 410 2783; x_wconf 91' lang='lat' dir='ltr'><strong>quod</strong></span> <span class='ocrx_word' id='word_1_260' title='bbox 432 2705 556 2764; x_wconf 88' lang='lat' dir='ltr'><strong>instituit.</strong></span> <span class='ocrx_word' id='word_1_261' title='bbox 590 2703 679 2766; x_wconf 88' lang='lat' dir='ltr'><strong>Vides</strong></span> <span class='ocrx_word' id='word_1_262' title='bbox 694 2714 723 2765; x_wconf 91' lang='lat' dir='ltr'><strong>ut</strong></span> <span class='ocrx_word' id='word_1_263' title='bbox 737 2704 840 2766; x_wconf 80' lang='lat' dir='ltr'><strong>Aratus</strong></span> <span class='ocrx_word' id='word_1_264' title='bbox 857 2707 1040 2766; x_wconf 88' lang='lat' dir='ltr'><strong>minutissima</strong></span> <span class='ocrx_word' id='word_1_265' title='bbox 1055 2707 1138 2765; x_wconf 89' lang='lat' dir='ltr'><strong>etiam</strong></span> <span class='ocrx_word' id='word_1_266' title='bbox 1154 2707 1249 2766; x_wconf 85' lang='lat' dir='ltr'><strong>sidera</strong></span> 
     </span>
     <span class='ocr_line' id='line_1_33' title="bbox 248 2787 1288 2866; baseline -0.003 -17"><span class='ocrx_word' id='word_1_267' title='bbox 248 2797 431 2849; x_wconf 89' lang='lat' dir='ltr'><strong>consectetur</strong></span> <span class='ocrx_word' id='word_1_268' title='bbox 448 2798 476 2847; x_wconf 92' lang='lat' dir='ltr'><strong>et</strong></span> <span class='ocrx_word' id='word_1_269' title='bbox 497 2787 627 2866; x_wconf 89' lang='lat' dir='ltr'><strong>colligat:</strong></span> <span class='ocrx_word' id='word_1_270' title='bbox 649 2788 761 2848; x_wconf 90' lang='lat' dir='ltr'><strong>modum</strong></span> <span class='ocrx_word' id='word_1_271' title='bbox 783 2800 875 2850; x_wconf 88' lang='lat' dir='ltr'><strong>tamon</strong></span> <span class='ocrx_word' id='word_1_272' title='bbox 896 2801 1000 2850; x_wconf 86' lang='lat' dir='ltr'><strong>servat.</strong></span> <span class='ocrx_word' id='word_1_273' title='bbox 1029 2789 1093 2849; x_wconf 91' lang='lat' dir='ltr'><strong>Non</strong></span> <span class='ocrx_word' id='word_1_274' title='bbox 1108 2793 1182 2849; x_wconf 90' lang='lat' dir='ltr'><strong>enim</strong></span> <span class='ocrx_word' id='word_1_275' title='bbox 1197 2792 1288 2849; x_wconf 81' lang='lat' dir='ltr'><strong>err-30</strong></span> 
     </span>
     <span class='ocr_line' id='line_1_34' title="bbox 204 2870 1248 2952; baseline 0.002 -20"><span class='ocrx_word' id='word_1_276' title='bbox 204 2880 347 2932; x_wconf 71' lang='lat' dir='ltr'><strong>dicursus</strong></span> <span class='ocrx_word' id='word_1_277' title='bbox 367 2870 413 2929; x_wconf 93' lang='lat' dir='ltr'><strong>bic</strong></span> <span class='ocrx_word' id='word_1_278' title='bbox 429 2873 508 2948; x_wconf 90' lang='lat' dir='ltr'><strong>eius,</strong></span> <span class='ocrx_word' id='word_1_279' title='bbox 531 2875 583 2935; x_wconf 89' lang='lat' dir='ltr'><strong>sed</strong></span> <span class='ocrx_word' id='word_1_280' title='bbox 597 2891 669 2950; x_wconf 90' lang='lat' dir='ltr'><strong>opus</strong></span> <span class='ocrx_word' id='word_1_281' title='bbox 684 2874 776 2952; x_wconf 88' lang='lat' dir='ltr'><strong>ipsum</strong></span> <span class='ocrx_word' id='word_1_282' title='bbox 789 2885 844 2934; x_wconf 88' lang='lat' dir='ltr'><strong>est.</strong></span> <span class='ocrx_word' id='word_1_283' title='bbox 878 2873 1013 2934; x_wconf 88' lang='lat' dir='ltr'><strong>Similiter</strong></span> <span class='ocrx_word' id='word_1_284' title='bbox 1027 2891 1097 2950; x_wconf 90' lang='lat' dir='ltr'><strong>nos,</strong></span> <span class='ocrx_word' id='word_1_285' title='bbox 1114 2884 1143 2934; x_wconf 92' lang='lat' dir='ltr'><strong>ut</strong></span> <span class='ocrx_word' id='word_1_286' title='bbox 1161 2891 1248 2951; x_wconf 87' lang='lat' dir='ltr'><strong>parva</strong></span> 
     </span>
     <span class='ocr_line' id='line_1_35' title="bbox 246 2955 1247 3034; baseline 0.004 -22"><span class='ocrx_word' id='word_1_287' title='bbox 246 2955 369 3031; x_wconf 89' lang='lat' dir='ltr'><strong>magnis,</strong></span> <span class='ocrx_word' id='word_1_288' title='bbox 388 2973 451 3014; x_wconf 83' lang='lat' dir='ltr'><strong>cunr</strong></span> <span class='ocrx_word' id='word_1_289' title='bbox 465 2965 551 3016; x_wconf 89' lang='lat' dir='ltr'><strong>totam</strong></span> <span class='ocrx_word' id='word_1_290' title='bbox 563 2957 657 3018; x_wconf 87' lang='lat' dir='ltr'><strong>villam</strong></span> <span class='ocrx_word' id='word_1_291' title='bbox 672 2957 764 3021; x_wconf 90' lang='lat' dir='ltr'><strong>oculis</strong></span> <span class='ocrx_word' id='word_1_292' title='bbox 778 2960 833 3019; x_wconf 87' lang='lat' dir='ltr'><strong>tuis</strong></span> <span class='ocrx_word' id='word_1_293' title='bbox 850 2960 983 3018; x_wconf 79' lang='lat' dir='ltr'><strong>subicere</strong></span> <span class='ocrx_word' id='word_1_294' title='bbox 1002 2976 1152 3034; x_wconf 88' lang='lat' dir='ltr'><strong>conamur,</strong></span> <span class='ocrx_word' id='word_1_295' title='bbox 1167 2959 1191 3016; x_wconf 90' lang='lat' dir='ltr'><strong>si</strong></span> <span class='ocrx_word' id='word_1_296' title='bbox 1206 2960 1247 3017; x_wconf 91' lang='lat' dir='ltr'><strong>ni-</strong></span> 
     </span>
     <span class='ocr_line' id='line_1_36' title="bbox 245 3038 1247 3121; baseline 0.003 -23"><span class='ocrx_word' id='word_1_297' title='bbox 245 3039 283 3098; x_wconf 92' lang='lat' dir='ltr'><strong>hil</strong></span> <span class='ocrx_word' id='word_1_298' title='bbox 297 3038 439 3098; x_wconf 89' lang='lat' dir='ltr'><strong>inductum</strong></span> <span class='ocrx_word' id='word_1_299' title='bbox 455 3050 483 3099; x_wconf 91' lang='lat' dir='ltr'><strong>et</strong></span> <span class='ocrx_word' id='word_1_300' title='bbox 497 3043 577 3118; x_wconf 89' lang='lat' dir='ltr'><strong>quasi</strong></span> <span class='ocrx_word' id='word_1_301' title='bbox 592 3042 703 3101; x_wconf 89' lang='lat' dir='ltr'><strong>devium</strong></span> <span class='ocrx_word' id='word_1_302' title='bbox 720 3042 877 3121; x_wconf 88' lang='lat' dir='ltr'><strong>loquimur,</strong></span> <span class='ocrx_word' id='word_1_303' title='bbox 899 3060 955 3101; x_wconf 89' lang='lat' dir='ltr'><strong>oon</strong></span> <span class='ocrx_word' id='word_1_304' title='bbox 973 3043 1095 3120; x_wconf 93' lang='lat' dir='ltr'><strong>epistula</strong></span> <span class='ocrx_word' id='word_1_305' title='bbox 1110 3060 1181 3119; x_wconf 90' lang='lat' dir='ltr'><strong>quac</strong></span> <span class='ocrx_word' id='word_1_306' title='bbox 1197 3042 1247 3101; x_wconf 91' lang='lat' dir='ltr'><strong>dc-</strong></span> 
     </span>
     <span class='ocr_line' id='line_1_37' title="bbox 246 3122 1247 3204; baseline 0 -20"><span class='ocrx_word' id='word_1_307' title='bbox 246 3124 344 3184; x_wconf 92' lang='lat' dir='ltr'><strong>scribit</strong></span> <span class='ocrx_word' id='word_1_308' title='bbox 356 3122 407 3183; x_wconf 88' lang='lat' dir='ltr'><strong>sed</strong></span> <span class='ocrx_word' id='word_1_309' title='bbox 423 3124 488 3184; x_wconf 90' lang='lat' dir='ltr'><strong>villa</strong></span> <span class='ocrx_word' id='word_1_310' title='bbox 504 3143 576 3202; x_wconf 89' lang='lat' dir='ltr'><strong>quae</strong></span> <span class='ocrx_word' id='word_1_311' title='bbox 587 3125 758 3187; x_wconf 90' lang='lat' dir='ltr'><strong>describitur</strong></span> <span class='ocrx_word' id='word_1_312' title='bbox 771 3145 870 3204; x_wconf 88' lang='lat' dir='ltr'><strong>magna</strong></span> <span class='ocrx_word' id='word_1_313' title='bbox 885 3136 939 3186; x_wconf 87' lang='lat' dir='ltr'><strong>cst.</strong></span> <span class='ocrx_word' id='word_1_314' title='bbox 968 3126 1073 3186; x_wconf 87' lang='lat' dir='ltr'><strong>Verum</strong></span> <span class='ocrx_word' id='word_1_315' title='bbox 1089 3125 1156 3185; x_wconf 92' lang='lat' dir='ltr'><strong>illuc</strong></span> <span class='ocrx_word' id='word_1_316' title='bbox 1172 3125 1247 3184; x_wconf 91' lang='lat' dir='ltr'><strong>unde</strong></span> 
     </span>
     <span class='ocr_line' id='line_1_38' title="bbox 247 3208 1287 3287; baseline 0.005 -19"><span class='ocrx_word' id='word_1_317' title='bbox 247 3209 342 3286; x_wconf 90' lang='lat' dir='ltr'><strong>coepi,</strong></span> <span class='ocrx_word' id='word_1_318' title='bbox 358 3227 393 3267; x_wconf 93' lang='lat' dir='ltr'><strong>ne</strong></span> <span class='ocrx_word' id='word_1_319' title='bbox 408 3209 562 3270; x_wconf 90' lang='lat' dir='ltr'><strong>secundum</strong></span> <span class='ocrx_word' id='word_1_320' title='bbox 576 3209 672 3287; x_wconf 89' lang='lat' dir='ltr'><strong>legem</strong></span> <span class='ocrx_word' id='word_1_321' title='bbox 686 3229 775 3272; x_wconf 90' lang='lat' dir='ltr'><strong>meam</strong></span> <span class='ocrx_word' id='word_1_322' title='bbox 790 3213 850 3270; x_wconf 90' lang='lat' dir='ltr'><strong>iure</strong></span> <span class='ocrx_word' id='word_1_323' title='bbox 867 3211 1076 3287; x_wconf 87' lang='lat' dir='ltr'><strong>reprehendar,</strong></span> <span class='ocrx_word' id='word_1_324' title='bbox 1095 3212 1119 3270; x_wconf 93' lang='lat' dir='ltr'><strong>si</strong></span> <span class='ocrx_word' id='word_1_325' title='bbox 1134 3208 1287 3286; x_wconf 70' lang='lat' dir='ltr'><strong>longiordt</strong></span> 
     </span>
     <span class='ocr_line' id='line_1_39' title="bbox 204 3292 1247 3372; baseline 0.004 -22"><span class='ocrx_word' id='word_1_326' title='bbox 204 3292 327 3352; x_wconf 69' lang='lat' dir='ltr'><strong>defuero</strong></span> <span class='ocrx_word' id='word_1_327' title='bbox 343 3294 368 3351; x_wconf 91' lang='lat' dir='ltr'><strong>in</strong></span> <span class='ocrx_word' id='word_1_328' title='bbox 386 3294 441 3352; x_wconf 94' lang='lat' dir='ltr'><strong>hoc</strong></span> <span class='ocrx_word' id='word_1_329' title='bbox 462 3295 489 3351; x_wconf 91' lang='lat' dir='ltr'><strong>in</strong></span> <span class='ocrx_word' id='word_1_330' title='bbox 511 3294 586 3372; x_wconf 92' lang='lat' dir='ltr'><strong>quod</strong></span> <span class='ocrx_word' id='word_1_331' title='bbox 605 3296 729 3354; x_wconf 86' lang='lat' dir='ltr'><strong>excessi.</strong></span> <span class='ocrx_word' id='word_1_332' title='bbox 760 3294 856 3355; x_wconf 92' lang='lat' dir='ltr'><strong>Habes</strong></span> <span class='ocrx_word' id='word_1_333' title='bbox 879 3312 979 3355; x_wconf 89' lang='lat' dir='ltr'><strong>causas</strong></span> <span class='ocrx_word' id='word_1_334' title='bbox 996 3313 1047 3353; x_wconf 91' lang='lat' dir='ltr'><strong>cur</strong></span> <span class='ocrx_word' id='word_1_335' title='bbox 1064 3313 1120 3371; x_wconf 85' lang='lat' dir='ltr'><strong>ego</strong></span> <span class='ocrx_word' id='word_1_336' title='bbox 1135 3293 1247 3354; x_wconf 85' lang='lat' dir='ltr'><strong>Tuscos</strong></span> 
     </span>
     <span class='ocr_line' id='line_1_40' title="bbox 246 3375 1248 3458; baseline 0.003 -26"><span class='ocrx_word' id='word_1_337' title='bbox 246 3393 325 3435; x_wconf 89' lang='lat' dir='ltr'><strong>meos</strong></span> <span class='ocrx_word' id='word_1_338' title='bbox 342 3376 520 3454; x_wconf 81' lang='lat' dir='ltr'><strong>Tusculanis,</strong></span> <span class='ocrx_word' id='word_1_339' title='bbox 537 3377 700 3456; x_wconf 81' lang='lat' dir='ltr'><strong>Tiburtinis,</strong></span> <span class='ocrx_word' id='word_1_340' title='bbox 716 3379 964 3456; x_wconf 88' lang='lat' dir='ltr'><strong>Praenestinisque</strong></span> <span class='ocrx_word' id='word_1_341' title='bbox 976 3396 1157 3458; x_wconf 87' lang='lat' dir='ltr'><strong>praeponam.</strong></span> <span class='ocrx_word' id='word_1_342' title='bbox 1176 3375 1248 3450; x_wconf 81' lang='lat' dir='ltr'><strong>Nam</strong></span> 
     </span>
     <span class='ocr_line' id='line_1_41' title="bbox 246 3459 1247 3542; baseline 0.005 -26"><span class='ocrx_word' id='word_1_343' title='bbox 246 3477 335 3536; x_wconf 86' lang='lat' dir='ltr'><strong>super</strong></span> <span class='ocrx_word' id='word_1_344' title='bbox 345 3459 392 3520; x_wconf 87' lang='lat' dir='ltr'><strong>illa</strong></span> <span class='ocrx_word' id='word_1_345' title='bbox 409 3481 480 3541; x_wconf 91' lang='lat' dir='ltr'><strong>quae</strong></span> <span class='ocrx_word' id='word_1_346' title='bbox 502 3462 597 3522; x_wconf 85' lang='lat' dir='ltr'><strong>rettuli</strong></span> <span class='ocrx_word' id='word_1_347' title='bbox 612 3461 695 3523; x_wconf 89' lang='lat' dir='ltr'><strong>altius</strong></span> <span class='ocrx_word' id='word_1_348' title='bbox 710 3463 749 3522; x_wconf 93' lang='lat' dir='ltr'><strong>ibi</strong></span> <span class='ocrx_word' id='word_1_349' title='bbox 765 3464 851 3522; x_wconf 90' lang='lat' dir='ltr'><strong>otium</strong></span> <span class='ocrx_word' id='word_1_350' title='bbox 865 3472 894 3522; x_wconf 89' lang='lat' dir='ltr'><strong>et</strong></span> <span class='ocrx_word' id='word_1_351' title='bbox 910 3464 1043 3541; x_wconf 85' lang='lat' dir='ltr'><strong>pinguius</strong></span> <span class='ocrx_word' id='word_1_352' title='bbox 1055 3480 1148 3542; x_wconf 90' lang='lat' dir='ltr'><strong>eoque</strong></span> <span class='ocrx_word' id='word_1_353' title='bbox 1163 3480 1247 3521; x_wconf 89' lang='lat' dir='ltr'><strong>secu·</strong></span> 
     </span>
    </p>
   </div>
  </div>
 </body>
</html>
