2588 4116
430 192 695 255 EPISTULARUM
709 193 733 253 l.
756 203 797 256 13.
815 204 858 256 14.
1110 193 1149 257 13

138 344 207 402 tiam
223 360 314 401 meam
336 341 580 403 exhortationibus
596 343 718 423 foverit,
745 347 847 425 quibus
868 349 951 406 etiam
968 345 1097 407 laudibus
1119 358 1149 408 ut

139 425 296 486 laudandus
313 425 584 486 viderer'elfecerit.
620 426 696 487 Nihil
712 431 848 508 estquod
865 448 881 489 a
895 439 925 489 te
943 432 1064 489 mandari
1082 431 1171 492 mihi2

139 518 188 569 aut
201 510 290 588 maius
307 519 354 569 aut
368 511 486 587 gratius,
502 510 570 569 nihil
583 512 659 588 quod
674 513 822 573 honestius
837 532 853 573 a
867 530 912 572 me
930 515 1039 591 suscipi
1056 518 1149 592 possit

141 611 225 671 quam
239 602 269 653 ut
285 592 389 670 eligam
401 595 533 654 iuvenem
544 612 582 654 ex
593 612 649 673 quo
665 597 744 656 nasci
755 606 877 674 nepotes
888 595 1016 655 Aruleno
1029 595 1148 659 Rustico

116 677 255 737 bdeceat.
291 675 346 749 Qui
364 676 477 754 quidem
498 677 545 736 diu
566 679 746 756 quaerendus
766 679 887 757 fuisset,
916 681 969 738 nisi
987 689 1099 758 paratus
1121 690 1175 744 et3

142 762 223 839 quasi
235 763 368 839 provisus
385 771 465 820 esset
479 760 610 822 Minicius
625 762 789 840 Acilianus,
811 765 859 840 qui
877 781 922 822 me
938 771 968 821 ut
982 764 1093 823 iuvenis
1108 767 1150 824 iu-

141 862 245 903 venem
268 845 327 923 (est
349 846 423 903 enim
443 846 534 904 minor
555 845 685 924 pauculis
700 849 795 927 annis)
812 846 1029 906 familiarissime
1045 847 1147 924 diligit,

139 937 291 988 reveretur
305 938 335 988 ut
352 947 459 988 senem.
497 927 568 989 Nam
587 932 625 989 ita
640 931 754 990 formari
768 950 784 990 a
799 949 844 990 me
859 939 888 989 et
902 932 1010 989 institui
1026 933 1104 1010 cupit
1119 942 1149 990 ut

141 1029 198 1088 ego
214 1030 231 1070 a
244 1013 328 1072 vobis
344 1010 480 1072 solebam.
504 1012 595 1071 Patria
609 1023 655 1073 est
670 1016 696 1072 ei
714 1014 807 1073 Brixia
822 1032 861 1074 ex
874 1013 922 1073 illa
941 1023 1037 1074 uosra
1054 1013 1172 1092 ltalia,4

97 1100 133 1153 10
141 1112 214 1172 quae
232 1095 350 1155 multum
369 1096 462 1156 adhuc
478 1096 687 1175 verecundiae,
710 1097 879 1175 frugalitatis
899 1107 985 1174 atque
1004 1100 1086 1157 etiam
1101 1117 1147 1157 ru·

140 1180 273 1240 sticitatis
288 1182 419 1258 antiquae
436 1182 540 1240 retinet
555 1199 588 1240 ao
608 1190 714 1241 servat.
746 1181 830 1241 Pater
845 1181 975 1241 lllinicius
991 1179 1169 1260 macrianae

140 1265 286 1340 equestris
309 1264 415 1322 ordinis
430 1266 584 1342 princeps,
608 1266 673 1342 quia
693 1265 761 1322 nihil
784 1265 868 1324 altius
882 1264 988 1323 voluit:
1017 1264 1145 1326 adlectus

140 1349 217 1405 enim
231 1363 247 1404 a
262 1347 328 1405 divo
339 1346 519 1422 Vespasiano
533 1349 606 1405 iuter
616 1349 776 1425 praetorios
788 1347 936 1407 honestam
947 1348 1071 1424 quictem
1083 1348 1148 1407 huic

138 1438 258 1488 nostrae
274 1430 418 1489 ambitioni
439 1429 529 1489 dicam
549 1448 584 1488 an
606 1429 733 1507 dignitati
757 1431 985 1491 constantissime
1006 1430 1148 1507 praetulit.

96 1512 234 1575 15Habet
255 1514 344 1571 aviam
366 1524 519 1573 maternam
539 1514 688 1573 Serranam
704 1513 851 1574 Proculam
868 1533 884 1574 e
901 1514 1054 1591 municipio
1070 1513 1172 1574 Pata-6

138 1599 216 1655 uino.
240 1595 323 1656 Nosti
337 1596 396 1656 loci
409 1615 520 1658 mores:
536 1598 657 1657 Serrana
672 1608 766 1658 tamen
779 1598 919 1660 Patavinis
934 1615 1048 1675 quoque
1064 1617 1148 1658 seve·

139 1682 230 1740 ritatis
247 1681 409 1760 exemplum
424 1692 479 1742 est.
502 1679 627 1760 Contigit
643 1692 672 1742 et
687 1682 843 1743 avunculus
856 1685 883 1742 ei
898 1682 928 1741 P.
944 1681 1067 1758 Acilius,
1085 1701 1147 1759 gra-

139 1767 227 1823 vitate
248 1766 396 1843 prudentia
420 1766 474 1825 bde
496 1783 587 1845 prope
610 1765 754 1844 singulari.
785 1766 817 1825 lu
830 1784 952 1842 summa,
968 1764 1036 1824 nihil
1051 1770 1104 1826 erit
1119 1769 1147 1826 in

141 1848 227 1907 domo
247 1858 306 1908 tota
328 1848 405 1926 quod
424 1867 481 1908 non
504 1851 554 1909 tibi
576 1860 715 1928 tamquam
739 1852 768 1909 in
789 1861 836 1910 tua
857 1849 981 1928 placeat.
1014 1849 1171 1911 Acilianot

96 1944 210 1996 bovero
225 1934 280 2011 ipsi
297 1932 447 2011 plurimum
463 1935 571 2010 vigoris
593 1934 763 2012 industriae,
794 1952 961 2012 quamquam
980 1935 1008 1991 in
1029 1936 1147 1994 maxima

140 2017 325 2075 verecundia.
364 2015 551 2086 Quaesturam
573 2019 741 2076 tribunatum
760 2028 921 2095 praeturam
946 2015 1147 2077 honestissime

139 2100 322 2178 percucurrit
345 2116 380 2156 ac
396 2100 451 2154 iam
465 2116 518 2174 pro
540 2118 571 2158 se
587 2101 637 2158 tibi
656 2103 860 2159 necessitatem
874 2099 1013 2158 ambiendi
1029 2102 1146 2160 remisit.

138 2183 195 2243 Est
210 2180 253 2239 illi
267 2180 358 2240 facies
374 2177 513 2256 liberalis,
529 2180 617 2240 multo
633 2183 788 2256 sanguine,
803 2181 891 2240 multo
908 2182 1014 2239 rubore
1029 2183 1172 2258 suffusa,8

140 2273 187 2326 est
208 2267 332 2342 ingenua
353 2263 440 2322 totius
462 2264 592 2342 corporis
613 2263 796 2342 pulchritudo
813 2273 842 2322 et
864 2262 974 2341 quidam
989 2266 1147 2323 senatorius

96 2350 241 2419 25decor.
267 2347 348 2421 Quae
363 2365 420 2424 ego
435 2365 612 2426 nequaquam
627 2348 749 2408 arbitror
762 2343 958 2424 neglegenda:
975 2345 1061 2405 debet
1076 2349 1150 2404 enim

140 2433 198 2494 boc
208 2434 330 2494 castitati
344 2431 503 2511 puellarum
516 2434 596 2510 quasi
605 2433 761 2512 praemium
773 2432 840 2491 dari.
862 2430 970 2490 Nescio
983 2447 1017 2488 an
1030 2429 1172 2493 adiciam9

142 2537 211 2578 esse
226 2518 299 2595 patri
314 2517 375 2576 eius
391 2515 498 2595 amplas
514 2516 676 2577 facultates.
699 2515 770 2576 Nam
782 2535 845 2576 oum
862 2516 1000 2592 imaginor
1014 2532 1068 2575 vos
1089 2516 1150 2593 qui·

141 2601 196 2661 bus
212 2602 373 2679 quaerimus
390 2619 544 2678 generum,
567 2601 708 2661 silendum
725 2600 761 2661 de
775 2600 956 2661 facultatibus
972 2610 1058 2677 puto:
1086 2618 1150 2658 cum

140 2682 275 2764 publicos
290 2702 385 2745 mores
397 2694 483 2764 atque
500 2687 584 2745 etiam
598 2684 683 2762 leges
698 2687 817 2746 civitatis
835 2688 959 2761 intueor,
973 2702 1046 2762 quae
1061 2684 1109 2743 vel
1121 2686 1149 2742 in

97 2771 239 2848 apprimis
255 2787 359 2829 census
381 2767 523 2827 hominum
538 2769 712 2847 spectandos
729 2771 914 2846 arbitrantur,
936 2787 972 2827 ne
992 2768 1020 2826 id
1036 2768 1149 2845 quidem

141 2853 380 2931 praetereundum
398 2852 518 2912 videtur.
553 2852 590 2912 Et
608 2873 676 2914 sane
699 2853 735 2913 de
756 2856 881 2932 posteris
903 2851 997 2912 ethis
1019 2851 1148 2932 pluribus

143 2938 279 3014 cogitanti
299 2936 347 2996 hic
369 2953 484 3014 quoque
499 2938 527 2995 in
543 2937 751 2998 conditionibus
767 2937 927 3016 deligendis
939 2936 1088 3016 ponendus
1103 2947 1148 2998 est

143 3019 280 3086 calculus.
301 3019 343 3078 'fu
357 3019 481 3081 fortasse
494 3038 539 3080 me
554 3026 639 3099 putes
653 3020 807 3083 indulsisse
822 3024 908 3082 amori
923 3040 987 3082 meo
1005 3033 1191 3101 supraqucto

141 3107 195 3164 ista
207 3123 290 3182 quam
306 3123 354 3163 res
370 3106 474 3181 patitur
488 3105 648 3167 sustulisse.
685 3106 724 3166 At
740 3125 796 3183 ego
813 3106 869 3166 lide
883 3124 946 3166 mea
961 3107 1091 3185 spondeo
1105 3106 1119 3164 f
1137 3137 1148 3146 ·

97 3199 132 3252 35
139 3199 233 3248 turum
248 3197 278 3248 ut
296 3189 387 3247 omnia
407 3187 496 3265 longe
516 3190 651 3268 ampliora
666 3210 749 3270 quam
764 3210 780 3251 a
796 3209 840 3250 me
856 3191 1055 3270 praedicantur
1068 3191 1148 3247 iuve-

140 3275 210 3332 nias.
234 3272 331 3350 Diligo
345 3272 458 3350 quidem
470 3272 684 3336 adulescentem
696 3274 904 3350 ardentissime,
921 3275 994 3332 sicut
1009 3281 1147 3342 meretum

140 3356 193 3416 sed
209 3357 265 3417 hoo
281 3359 373 3436 ipsum
390 3358 506 3417 amantis
522 3367 578 3438 est,
593 3377 649 3419 uon
665 3378 783 3424 onerari
799 3377 863 3418 eum
878 3355 1017 3417 laudibus.
1048 3355 1128 3417 Vale.
1156 3380 1158 3384 ’
