<?xml version="1.0" encoding="UTF-8"?>
<!DOCTYPE html PUBLIC "-//W3C//DTD XHTML 1.0 Transitional//EN"
    "http://www.w3.org/TR/xhtml1/DTD/xhtml1-transitional.dtd">
<html xmlns="http://www.w3.org/1999/xhtml" xml:lang="en" lang="en">
 <head>
  <title>
</title>
<meta http-equiv="Content-Type" content="text/html;charset=utf-8" />
  <meta name='ocr-system' content='tesseract 3.04.00' />
  <meta name='ocr-capabilities' content='ocr_page ocr_carea ocr_par ocr_line ocrx_word'/>
</head>
<body>
  <div class='ocr_page' id='page_1' title='image "./cplinicaccilise00plingoog_0186.png"; bbox 0 0 2588 4116; ppageno 0'>
   <div class='ocr_carea' id='block_1_1' title="bbox 398 224 1140 289">
    <p class='ocr_par' dir='ltr' id='par_1_1' title="bbox 398 224 1140 289">
     <span class='ocr_line' id='line_1_1' title="bbox 398 224 1140 289; baseline 0.005 -5"><span class='ocrx_word' id='word_1_1' title='bbox 398 224 662 285; x_wconf 83' lang='lat' dir='ltr'><strong>EPISTULARUM</strong></span> <span class='ocrx_word' id='word_1_2' title='bbox 676 225 752 287; x_wconf 88' lang='lat' dir='ltr'><strong>Vltt.</strong></span> <span class='ocrx_word' id='word_1_3' title='bbox 775 235 817 288; x_wconf 81' lang='grc'><strong>18.</strong></span> <span class='ocrx_word' id='word_1_4' title='bbox 834 235 875 289; x_wconf 86' lang='grc'><strong>19.</strong></span> <span class='ocrx_word' id='word_1_5' title='bbox 1077 225 1140 288; x_wconf 87' lang='grc'><strong>169</strong></span> 
     </span>
    </p>
   </div>
   <div class='ocr_carea' id='block_1_2' title="bbox 88 376 1183 2792">
    <p class='ocr_par' dir='ltr' id='par_1_2' title="bbox 88 376 1183 2792">
     <span class='ocr_line' id='line_1_2' title="bbox 133 376 1138 456; baseline 0.004 -22"><span class='ocrx_word' id='word_1_6' title='bbox 133 376 212 436; x_wconf 91' lang='lat' dir='ltr'><strong>illius</strong></span> <span class='ocrx_word' id='word_1_7' title='bbox 228 379 385 455; x_wconf 77' lang='lat' dir='ltr'><strong>asperitas,</strong></span> <span class='ocrx_word' id='word_1_8' title='bbox 403 377 471 436; x_wconf 92' lang='lat' dir='ltr'><strong>mira</strong></span> <span class='ocrx_word' id='word_1_9' title='bbox 486 376 608 437; x_wconf 81' lang='lat' dir='ltr'><strong>felleitas</strong></span> <span class='ocrx_word' id='word_1_10' title='bbox 623 376 737 436; x_wconf 89' lang='lat' dir='ltr'><strong>horum:</strong></span> <span class='ocrx_word' id='word_1_11' title='bbox 758 376 834 436; x_wconf 91' lang='lat' dir='ltr'><strong>illius</strong></span> <span class='ocrx_word' id='word_1_12' title='bbox 850 379 1004 454; x_wconf 81' lang='lat' dir='ltr'><strong>asperitas,</strong></span> <span class='ocrx_word' id='word_1_13' title='bbox 1025 380 1073 456; x_wconf 91' lang='lat' dir='ltr'><strong>qui</strong></span> <span class='ocrx_word' id='word_1_14' title='bbox 1088 398 1138 438; x_wconf 93' lang='lat' dir='ltr'><strong>nu·</strong></span> 
     </span>
     <span class='ocr_line' id='line_1_3' title="bbox 134 459 1136 539; baseline 0.001 -20"><span class='ocrx_word' id='word_1_15' title='bbox 134 476 215 519; x_wconf 90' lang='lat' dir='ltr'><strong>mero</strong></span> <span class='ocrx_word' id='word_1_16' title='bbox 232 462 334 518; x_wconf 90' lang='lat' dir='ltr'><strong>civium</strong></span> <span class='ocrx_word' id='word_1_17' title='bbox 349 460 454 520; x_wconf 82' lang='lat' dir='ltr'>excidit</span> <span class='ocrx_word' id='word_1_18' title='bbox 469 478 553 539; x_wconf 91' lang='lat' dir='ltr'><strong>quem</strong></span> <span class='ocrx_word' id='word_1_19' title='bbox 568 462 677 520; x_wconf 91' lang='lat' dir='ltr'><strong>socium</strong></span> <span class='ocrx_word' id='word_1_20' title='bbox 692 463 774 520; x_wconf 89' lang='lat' dir='ltr'><strong>etiam</strong></span> <span class='ocrx_word' id='word_1_21' title='bbox 789 462 817 519; x_wconf 91' lang='lat' dir='ltr'><strong>in</strong></span> <span class='ocrx_word' id='word_1_22' title='bbox 834 459 932 519; x_wconf 91' lang='lat' dir='ltr'><strong>liberis</strong></span> <span class='ocrx_word' id='word_1_23' title='bbox 946 460 1057 531; x_wconf 89' lang='lat' dir='ltr'><strong>habuit;</strong></span> <span class='ocrx_word' id='word_1_24' title='bbox 1073 462 1136 522; x_wconf 85' lang='lat' dir='ltr'><strong>leli·</strong></span> 
     </span>
     <span class='ocr_line' id='line_1_4' title="bbox 136 542 1137 623; baseline 0.003 -20"><span class='ocrx_word' id='word_1_25' title='bbox 136 545 206 603; x_wconf 88' lang='lat' dir='ltr'><strong>citas</strong></span> <span class='ocrx_word' id='word_1_26' title='bbox 221 543 337 619; x_wconf 85' lang='lat' dir='ltr'><strong>horum,</strong></span> <span class='ocrx_word' id='word_1_27' title='bbox 364 544 465 622; x_wconf 89' lang='lat' dir='ltr'><strong>quibus</strong></span> <span class='ocrx_word' id='word_1_28' title='bbox 480 545 624 604; x_wconf 88' lang='lat' dir='ltr'><strong>successit</strong></span> <span class='ocrx_word' id='word_1_29' title='bbox 638 545 666 602; x_wconf 94' lang='lat' dir='ltr'><strong>in</strong></span> <span class='ocrx_word' id='word_1_30' title='bbox 680 542 775 603; x_wconf 92' lang='lat' dir='ltr'><strong>locum</strong></span> <span class='ocrx_word' id='word_1_31' title='bbox 787 545 874 622; x_wconf 93' lang='lat' dir='ltr'><strong>patris</strong></span> <span class='ocrx_word' id='word_1_32' title='bbox 888 545 935 622; x_wconf 91' lang='lat' dir='ltr'><strong>qui</strong></span> <span class='ocrx_word' id='word_1_33' title='bbox 950 553 1058 623; x_wconf 88' lang='lat' dir='ltr'><strong>patrem</strong></span> <span class='ocrx_word' id='word_1_34' title='bbox 1073 546 1137 606; x_wconf 89' lang='lat' dir='ltr'><strong>abs·</strong></span> 
     </span>
     <span class='ocr_line' id='line_1_5' title="bbox 134 626 1162 706; baseline 0.004 -18"><span class='ocrx_word' id='word_1_35' title='bbox 134 627 245 688; x_wconf 87' lang='lat' dir='ltr'><strong>tulerat.</strong></span> <span class='ocrx_word' id='word_1_36' title='bbox 280 627 337 687; x_wconf 87' lang='lat' dir='ltr'><strong>Sed</strong></span> <span class='ocrx_word' id='word_1_37' title='bbox 355 627 426 688; x_wconf 90' lang='lat' dir='ltr'><strong>haec</strong></span> <span class='ocrx_word' id='word_1_38' title='bbox 442 645 556 706; x_wconf 92' lang='lat' dir='ltr'><strong>quoque</strong></span> <span class='ocrx_word' id='word_1_39' title='bbox 572 627 714 687; x_wconf 73' lang='lat' dir='ltr'><strong>hereditas</strong></span> <span class='ocrx_word' id='word_1_40' title='bbox 730 626 792 685; x_wconf 85' lang='lat' dir='ltr'><strong>Afri</strong></span> <span class='ocrx_word' id='word_1_41' title='bbox 805 636 835 686; x_wconf 93' lang='lat' dir='ltr'><strong>ut</strong></span> <span class='ocrx_word' id='word_1_42' title='bbox 849 626 958 705; x_wconf 91' lang='lat' dir='ltr'><strong>reliqua</strong></span> <span class='ocrx_word' id='word_1_43' title='bbox 975 646 1037 686; x_wconf 89' lang='lat' dir='ltr'><strong>curn</strong></span> <span class='ocrx_word' id='word_1_44' title='bbox 1052 629 1162 692; x_wconf 73' lang='lat' dir='ltr'><strong>fratre?</strong></span> 
     </span>
     <span class='ocr_line' id='line_1_6' title="bbox 106 709 1138 791; baseline -0.001 -17"><span class='ocrx_word' id='word_1_45' title='bbox 106 709 264 791; x_wconf 69' lang='lat' dir='ltr'><strong>oquaesita</strong></span> <span class='ocrx_word' id='word_1_46' title='bbox 278 711 488 772; x_wconf 89' lang='lat' dir='ltr'><strong>transmittenda</strong></span> <span class='ocrx_word' id='word_1_47' title='bbox 504 720 583 771; x_wconf 89' lang='lat' dir='ltr'><strong>erant</strong></span> <span class='ocrx_word' id='word_1_48' title='bbox 597 710 670 770; x_wconf 91' lang='lat' dir='ltr'><strong>liliae</strong></span> <span class='ocrx_word' id='word_1_49' title='bbox 686 711 790 787; x_wconf 86' lang='lat' dir='ltr'><strong>fratris,</strong></span> <span class='ocrx_word' id='word_1_50' title='bbox 807 729 823 770; x_wconf 92' lang='lat' dir='ltr'><strong>a</strong></span> <span class='ocrx_word' id='word_1_51' title='bbox 839 728 896 788; x_wconf 93' lang='lat' dir='ltr'><strong>quo</strong></span> <span class='ocrx_word' id='word_1_52' title='bbox 911 710 1009 771; x_wconf 87' lang='lat' dir='ltr'><strong>Tullus</strong></span> <span class='ocrx_word' id='word_1_53' title='bbox 1025 728 1062 771; x_wconf 91' lang='lat' dir='ltr'><strong>ex</strong></span> <span class='ocrx_word' id='word_1_54' title='bbox 1072 730 1138 773; x_wconf 89' lang='lat' dir='ltr'><strong>asse</strong></span> 
     </span>
     <span class='ocr_line' id='line_1_7' title="bbox 133 793 1138 874; baseline -0.001 -19"><span class='ocrx_word' id='word_1_55' title='bbox 133 797 220 855; x_wconf 90' lang='lat' dir='ltr'><strong>heres</strong></span> <span class='ocrx_word' id='word_1_56' title='bbox 241 796 384 855; x_wconf 89' lang='lat' dir='ltr'><strong>iustitutus</strong></span> <span class='ocrx_word' id='word_1_57' title='bbox 406 794 606 874; x_wconf 87' lang='lat' dir='ltr'><strong>praelatusque</strong></span> <span class='ocrx_word' id='word_1_58' title='bbox 633 793 706 854; x_wconf 86' lang='lat' dir='ltr'><strong>filiae</strong></span> <span class='ocrx_word' id='word_1_59' title='bbox 731 795 840 872; x_wconf 85' lang='lat' dir='ltr'><strong>fuerat,</strong></span> <span class='ocrx_word' id='word_1_60' title='bbox 872 804 901 855; x_wconf 91' lang='lat' dir='ltr'><strong>ut</strong></span> <span class='ocrx_word' id='word_1_61' title='bbox 928 794 1138 856; x_wconf 87' lang='lat' dir='ltr'><strong>conciliaretur.</strong></span> 
     </span>
     <span class='ocr_line' id='line_1_8' title="bbox 134 876 1138 956; baseline 0.003 -21"><span class='ocrx_word' id='word_1_62' title='bbox 134 879 198 951; x_wconf 79' lang='lat' dir='ltr'><strong>Quo</strong></span> <span class='ocrx_word' id='word_1_63' title='bbox 214 878 381 939; x_wconf 91' lang='lat' dir='ltr'><strong>laudabilius</strong></span> <span class='ocrx_word' id='word_1_64' title='bbox 397 886 594 939; x_wconf 89' lang='lat' dir='ltr'><strong>testamentum</strong></span> <span class='ocrx_word' id='word_1_65' title='bbox 606 887 670 954; x_wconf 80' lang='lat' dir='ltr'><strong>est,·</strong></span> <span class='ocrx_word' id='word_1_66' title='bbox 680 878 755 956; x_wconf 92' lang='lat' dir='ltr'><strong>quod</strong></span> <span class='ocrx_word' id='word_1_67' title='bbox 770 878 861 955; x_wconf 91' lang='lat' dir='ltr'><strong>pietas</strong></span> <span class='ocrx_word' id='word_1_68' title='bbox 878 876 948 938; x_wconf 92' lang='lat' dir='ltr'><strong>lides</strong></span> <span class='ocrx_word' id='word_1_69' title='bbox 961 877 1053 956; x_wconf 91' lang='lat' dir='ltr'><strong>pudor</strong></span> <span class='ocrx_word' id='word_1_70' title='bbox 1068 882 1138 938; x_wconf 87' lang='lat' dir='ltr'><strong>scri-</strong></span> 
     </span>
     <span class='ocr_line' id='line_1_9' title="bbox 132 962 1138 1040; baseline -0.001 -17"><span class='ocrx_word' id='word_1_71' title='bbox 132 964 201 1040; x_wconf 80' lang='lat' dir='ltr'><strong>psit,</strong></span> <span class='ocrx_word' id='word_1_72' title='bbox 214 964 241 1020; x_wconf 89' lang='lat' dir='ltr'><strong>in</strong></span> <span class='ocrx_word' id='word_1_73' title='bbox 256 980 313 1040; x_wconf 91' lang='lat' dir='ltr'><strong>quo</strong></span> <span class='ocrx_word' id='word_1_74' title='bbox 329 963 451 1040; x_wconf 82' lang='lat' dir='ltr'><strong>deanue</strong></span> <span class='ocrx_word' id='word_1_75' title='bbox 472 962 599 1022; x_wconf 90' lang='lat' dir='ltr'><strong>omuibus</strong></span> <span class='ocrx_word' id='word_1_76' title='bbox 614 962 800 1022; x_wconf 86' lang='lat' dir='ltr'><strong>adfinitatibus</strong></span> <span class='ocrx_word' id='word_1_77' title='bbox 815 979 867 1040; x_wconf 94' lang='lat' dir='ltr'><strong>pro</strong></span> <span class='ocrx_word' id='word_1_78' title='bbox 887 963 1025 1040; x_wconf 90' lang='lat' dir='ltr'><strong>cuiusque</strong></span> <span class='ocrx_word' id='word_1_79' title='bbox 1040 962 1138 1022; x_wconf 84' lang='lat' dir='ltr'><strong>officio</strong></span> 
     </span>
     <span class='ocr_line' id='line_1_10' title="bbox 132 1041 1162 1124; baseline 0.007 -21"><span class='ocrx_word' id='word_1_80' title='bbox 132 1041 222 1122; x_wconf 84' lang='lat' dir='ltr'><strong>gratia</strong></span> <span class='ocrx_word' id='word_1_81' title='bbox 237 1047 325 1105; x_wconf 90' lang='lat' dir='ltr'><strong>relata</strong></span> <span class='ocrx_word' id='word_1_82' title='bbox 340 1055 401 1122; x_wconf 79' lang='lat' dir='ltr'><strong>est,</strong></span> <span class='ocrx_word' id='word_1_83' title='bbox 417 1045 505 1106; x_wconf 89' lang='lat' dir='ltr'><strong>relata</strong></span> <span class='ocrx_word' id='word_1_84' title='bbox 521 1055 550 1106; x_wconf 91' lang='lat' dir='ltr'><strong>et</strong></span> <span class='ocrx_word' id='word_1_85' title='bbox 565 1047 657 1104; x_wconf 84' lang='lat' dir='ltr'><strong>uxori.</strong></span> <span class='ocrx_word' id='word_1_86' title='bbox 680 1044 801 1124; x_wconf 76' lang='lat' dir='ltr'><strong>Accepit</strong></span> <span class='ocrx_word' id='word_1_87' title='bbox 816 1047 1027 1105; x_wconf 89' lang='lat' dir='ltr'><strong>amoenissimas</strong></span> <span class='ocrx_word' id='word_1_88' title='bbox 1041 1045 1162 1124; x_wconf 85' lang='lat' dir='ltr'><strong>villas,8</strong></span> 
     </span>
     <span class='ocr_line' id='line_1_11' title="bbox 88 1130 1137 1208; baseline 0 -20"><span class='ocrx_word' id='word_1_89' title='bbox 88 1148 124 1199; x_wconf 87' lang='lat'><strong>10</strong></span> <span class='ocrx_word' id='word_1_90' title='bbox 134 1131 248 1207; x_wconf 86' lang='lat' dir='ltr'><strong>accepit</strong></span> <span class='ocrx_word' id='word_1_91' title='bbox 260 1147 388 1206; x_wconf 89' lang='lat' dir='ltr'><strong>maguam</strong></span> <span class='ocrx_word' id='word_1_92' title='bbox 399 1131 547 1207; x_wconf 85' lang='lat' dir='ltr'><strong>pecuniam</strong></span> <span class='ocrx_word' id='word_1_93' title='bbox 561 1146 634 1188; x_wconf 81' lang='lat' dir='ltr'><strong>uxor</strong></span> <span class='ocrx_word' id='word_1_94' title='bbox 644 1131 748 1208; x_wconf 91' lang='lat' dir='ltr'><strong>optima</strong></span> <span class='ocrx_word' id='word_1_95' title='bbox 761 1138 790 1188; x_wconf 86' lang='lat' dir='ltr'><strong>et</strong></span> <span class='ocrx_word' id='word_1_96' title='bbox 801 1130 1003 1208; x_wconf 88' lang='lat' dir='ltr'><strong>patientissima</strong></span> <span class='ocrx_word' id='word_1_97' title='bbox 1014 1147 1047 1188; x_wconf 93' lang='lat' dir='ltr'><strong>ac</strong></span> <span class='ocrx_word' id='word_1_98' title='bbox 1060 1139 1137 1190; x_wconf 91' lang='lat' dir='ltr'><strong>tanto</strong></span> 
     </span>
     <span class='ocr_line' id='line_1_12' title="bbox 132 1208 1138 1290; baseline 0 -19"><span class='ocrx_word' id='word_1_99' title='bbox 132 1212 236 1272; x_wconf 89' lang='lat' dir='ltr'><strong>melius</strong></span> <span class='ocrx_word' id='word_1_100' title='bbox 254 1212 288 1272; x_wconf 91' lang='lat' dir='ltr'><strong>de</strong></span> <span class='ocrx_word' id='word_1_101' title='bbox 309 1215 371 1271; x_wconf 92' lang='lat' dir='ltr'><strong>viro</strong></span> <span class='ocrx_word' id='word_1_102' title='bbox 388 1208 503 1289; x_wconf 83' lang='lat' dir='ltr'><strong>merita,</strong></span> <span class='ocrx_word' id='word_1_103' title='bbox 520 1221 622 1290; x_wconf 92' lang='lat' dir='ltr'><strong>quanto</strong></span> <span class='ocrx_word' id='word_1_104' title='bbox 636 1214 725 1288; x_wconf 89' lang='lat' dir='ltr'><strong>magis</strong></span> <span class='ocrx_word' id='word_1_105' title='bbox 743 1222 787 1272; x_wconf 92' lang='lat' dir='ltr'><strong>est</strong></span> <span class='ocrx_word' id='word_1_106' title='bbox 802 1211 978 1290; x_wconf 90' lang='lat' dir='ltr'><strong>reprehensa</strong></span> <span class='ocrx_word' id='word_1_107' title='bbox 992 1212 1068 1290; x_wconf 92' lang='lat' dir='ltr'><strong>quod</strong></span> <span class='ocrx_word' id='word_1_108' title='bbox 1088 1231 1138 1272; x_wconf 92' lang='lat' dir='ltr'><strong>uu·</strong></span> 
     </span>
     <span class='ocr_line' id='line_1_13' title="bbox 133 1294 1137 1374; baseline 0.001 -21"><span class='ocrx_word' id='word_1_109' title='bbox 133 1299 200 1374; x_wconf 87' lang='lat' dir='ltr'><strong>psit.</strong></span> <span class='ocrx_word' id='word_1_110' title='bbox 221 1295 292 1354; x_wconf 89' lang='lat' dir='ltr'><strong>Nam</strong></span> <span class='ocrx_word' id='word_1_111' title='bbox 309 1296 410 1354; x_wconf 89' lang='lat' dir='ltr'><strong>mulier</strong></span> <span class='ocrx_word' id='word_1_112' title='bbox 424 1295 562 1356; x_wconf 90' lang='lat' dir='ltr'><strong>natalibus</strong></span> <span class='ocrx_word' id='word_1_113' title='bbox 576 1294 667 1371; x_wconf 80' lang='lat' dir='ltr'><strong>clara,</strong></span> <span class='ocrx_word' id='word_1_114' title='bbox 683 1295 807 1352; x_wconf 89' lang='lat' dir='ltr'><strong>moribus</strong></span> <span class='ocrx_word' id='word_1_115' title='bbox 823 1294 928 1372; x_wconf 82' lang='lat' dir='ltr'><strong>proba,</strong></span> <span class='ocrx_word' id='word_1_116' title='bbox 943 1303 1035 1354; x_wconf 88' lang='lat' dir='ltr'><strong>aetate</strong></span> <span class='ocrx_word' id='word_1_117' title='bbox 1050 1295 1137 1354; x_wconf 91' lang='lat' dir='ltr'><strong>dccli·</strong></span> 
     </span>
     <span class='ocr_line' id='line_1_14' title="bbox 132 1377 1138 1456; baseline -0.002 -18"><span class='ocrx_word' id='word_1_118' title='bbox 132 1382 190 1454; x_wconf 82' lang='lat' dir='ltr'><strong>vis,</strong></span> <span class='ocrx_word' id='word_1_119' title='bbox 204 1379 250 1437; x_wconf 90' lang='lat' dir='ltr'><strong>diu</strong></span> <span class='ocrx_word' id='word_1_120' title='bbox 263 1378 364 1456; x_wconf 83' lang='lat' dir='ltr'><strong>vidua,</strong></span> <span class='ocrx_word' id='word_1_121' title='bbox 380 1389 469 1439; x_wconf 91' lang='lat' dir='ltr'><strong>mater</strong></span> <span class='ocrx_word' id='word_1_122' title='bbox 486 1378 571 1454; x_wconf 85' lang='lat' dir='ltr'><strong>olim,</strong></span> <span class='ocrx_word' id='word_1_123' title='bbox 587 1394 685 1456; x_wconf 88' lang='lat' dir='ltr'><strong>parum</strong></span> <span class='ocrx_word' id='word_1_124' title='bbox 700 1377 806 1436; x_wconf 91' lang='lat' dir='ltr'><strong>decore</strong></span> <span class='ocrx_word' id='word_1_125' title='bbox 823 1386 922 1437; x_wconf 87' lang='lat' dir='ltr'><strong>secuta</strong></span> <span class='ocrx_word' id='word_1_126' title='bbox 936 1379 1138 1436; x_wconf 86' lang='lat' dir='ltr'><strong>matrimonium</strong></span> 
     </span>
     <span class='ocr_line' id='line_1_15' title="bbox 132 1460 1139 1540; baseline 0 -20"><span class='ocrx_word' id='word_1_127' title='bbox 132 1462 283 1521; x_wconf 81' lang='lat' dir='ltr'><strong>videbatur</strong></span> <span class='ocrx_word' id='word_1_128' title='bbox 301 1462 393 1523; x_wconf 79' lang='lat' dir='ltr'><strong>divids</strong></span> <span class='ocrx_word' id='word_1_129' title='bbox 409 1465 504 1540; x_wconf 81' lang='lat' dir='ltr'><strong>senis,</strong></span> <span class='ocrx_word' id='word_1_130' title='bbox 519 1464 556 1522; x_wconf 90' lang='lat' dir='ltr'><strong>ita</strong></span> <span class='ocrx_word' id='word_1_131' title='bbox 570 1460 672 1540; x_wconf 88' lang='lat' dir='ltr'><strong>perditi</strong></span> <span class='ocrx_word' id='word_1_132' title='bbox 688 1461 787 1520; x_wconf 93' lang='lat' dir='ltr'><strong>morbo</strong></span> <span class='ocrx_word' id='word_1_133' title='bbox 805 1469 834 1520; x_wconf 86' lang='lat' dir='ltr'><strong>ut</strong></span> <span class='ocrx_word' id='word_1_134' title='bbox 850 1479 916 1521; x_wconf 88' lang='lat' dir='ltr'><strong>esse</strong></span> <span class='ocrx_word' id='word_1_135' title='bbox 933 1460 1025 1520; x_wconf 89' lang='lat' dir='ltr'><strong>taedio</strong></span> <span class='ocrx_word' id='word_1_136' title='bbox 1039 1469 1139 1538; x_wconf 88' lang='lat' dir='ltr'><strong>posset</strong></span> 
     </span>
     <span class='ocr_line' id='line_1_16' title="bbox 88 1543 1163 1623; baseline -0.005 -16"><span class='ocrx_word' id='word_1_137' title='bbox 88 1548 217 1607; x_wconf 70' lang='lat' dir='ltr'><strong>louxori</strong></span> <span class='ocrx_word' id='word_1_138' title='bbox 233 1563 315 1623; x_wconf 90' lang='lat' dir='ltr'><strong>quam</strong></span> <span class='ocrx_word' id='word_1_139' title='bbox 331 1548 441 1607; x_wconf 82' lang='lat' dir='ltr'><strong>iuvenIs</strong></span> <span class='ocrx_word' id='word_1_140' title='bbox 455 1564 598 1623; x_wconf 91' lang='lat' dir='ltr'><strong>sanusque</strong></span> <span class='ocrx_word' id='word_1_141' title='bbox 614 1544 752 1604; x_wconf 85' lang='lat' dir='ltr'><strong>duxisset.</strong></span> <span class='ocrx_word' id='word_1_142' title='bbox 780 1543 894 1623; x_wconf 83' lang='lat' dir='ltr'><strong>Quippe</strong></span> <span class='ocrx_word' id='word_1_143' title='bbox 912 1545 1041 1605; x_wconf 89' lang='lat' dir='ltr'><strong>omnibus</strong></span> <span class='ocrx_word' id='word_1_144' title='bbox 1052 1559 1163 1612; x_wconf 88' lang='lat' dir='ltr'><strong>mem-9</strong></span> 
     </span>
     <span class='ocr_line' id='line_1_17' title="bbox 134 1627 1137 1707; baseline 0 -19"><span class='ocrx_word' id='word_1_145' title='bbox 134 1631 194 1689; x_wconf 87' lang='lat' dir='ltr'><strong>bris</strong></span> <span class='ocrx_word' id='word_1_146' title='bbox 214 1639 343 1691; x_wconf 85' lang='lat' dir='ltr'><strong>extortus</strong></span> <span class='ocrx_word' id='word_1_147' title='bbox 362 1629 390 1692; x_wconf 88' lang='lat' dir='ltr'><strong>et</strong></span> <span class='ocrx_word' id='word_1_148' title='bbox 412 1632 517 1690; x_wconf 88' lang='lat' dir='ltr'><strong>fractus</strong></span> <span class='ocrx_word' id='word_1_149' title='bbox 535 1639 625 1689; x_wconf 90' lang='lat' dir='ltr'><strong>tantas</strong></span> <span class='ocrx_word' id='word_1_150' title='bbox 648 1646 719 1707; x_wconf 94' lang='lat' dir='ltr'><strong>opes</strong></span> <span class='ocrx_word' id='word_1_151' title='bbox 741 1628 811 1688; x_wconf 89' lang='lat' dir='ltr'><strong>solis</strong></span> <span class='ocrx_word' id='word_1_152' title='bbox 830 1627 923 1688; x_wconf 90' lang='lat' dir='ltr'><strong>oculis</strong></span> <span class='ocrx_word' id='word_1_153' title='bbox 940 1629 1037 1688; x_wconf 87' lang='lat' dir='ltr'><strong>obibat</strong></span> <span class='ocrx_word' id='word_1_154' title='bbox 1051 1647 1085 1688; x_wconf 92' lang='lat' dir='ltr'><strong>ac</strong></span> <span class='ocrx_word' id='word_1_155' title='bbox 1102 1649 1137 1688; x_wconf 90' lang='lat' dir='ltr'><strong>ne</strong></span> 
     </span>
     <span class='ocr_line' id='line_1_18' title="bbox 133 1711 1138 1792; baseline -0.001 -21"><span class='ocrx_word' id='word_1_156' title='bbox 133 1715 162 1771; x_wconf 93' lang='lat' dir='ltr'><strong>in</strong></span> <span class='ocrx_word' id='word_1_157' title='bbox 176 1713 284 1773; x_wconf 90' lang='lat' dir='ltr'><strong>lectulo</strong></span> <span class='ocrx_word' id='word_1_158' title='bbox 302 1714 414 1792; x_wconf 90' lang='lat' dir='ltr'><strong>quidem</strong></span> <span class='ocrx_word' id='word_1_159' title='bbox 428 1716 482 1775; x_wconf 89' lang='lat' dir='ltr'><strong>ulsi</strong></span> <span class='ocrx_word' id='word_1_160' title='bbox 498 1715 533 1774; x_wconf 92' lang='lat' dir='ltr'><strong>ab</strong></span> <span class='ocrx_word' id='word_1_161' title='bbox 548 1712 609 1773; x_wconf 91' lang='lat' dir='ltr'><strong>aliis</strong></span> <span class='ocrx_word' id='word_1_162' title='bbox 625 1712 799 1773; x_wconf 87' lang='lat' dir='ltr'><strong>movebatur.</strong></span> <span class='ocrx_word' id='word_1_163' title='bbox 822 1711 896 1785; x_wconf 80' lang='lat' dir='ltr'><strong>Quin</strong></span> <span class='ocrx_word' id='word_1_164' title='bbox 912 1714 994 1772; x_wconf 90' lang='lat' dir='ltr'><strong>etiam</strong></span> <span class='ocrx_word' id='word_1_165' title='bbox 1007 1711 1138 1791; x_wconf 81' lang='lat' dir='ltr'><strong>(foedum</strong></span> 
     </span>
     <span class='ocr_line' id='line_1_19' title="bbox 133 1796 1138 1876; baseline 0.001 -21"><span class='ocrx_word' id='word_1_166' title='bbox 133 1798 379 1876; x_wconf 86' lang='lat' dir='ltr'><strong>miserandumque</strong></span> <span class='ocrx_word' id='word_1_167' title='bbox 401 1798 492 1876; x_wconf 90' lang='lat' dir='ltr'><strong>dictu)</strong></span> <span class='ocrx_word' id='word_1_168' title='bbox 516 1798 617 1857; x_wconf 89' lang='lat' dir='ltr'><strong>dentes</strong></span> <span class='ocrx_word' id='word_1_169' title='bbox 637 1796 772 1876; x_wconf 90' lang='lat' dir='ltr'><strong>lavandos</strong></span> <span class='ocrx_word' id='word_1_170' title='bbox 793 1796 994 1874; x_wconf 82' lang='lat' dir='ltr'><strong>fricandosque</strong></span> <span class='ocrx_word' id='word_1_171' title='bbox 1017 1797 1138 1874; x_wconf 90' lang='lat' dir='ltr'><strong>praebe·</strong></span> 
     </span>
     <span class='ocr_line' id='line_1_20' title="bbox 133 1880 1137 1960; baseline 0 -21"><span class='ocrx_word' id='word_1_172' title='bbox 133 1880 191 1940; x_wconf 89' lang='lat' dir='ltr'><strong>bat.</strong></span> <span class='ocrx_word' id='word_1_173' title='bbox 209 1881 343 1941; x_wconf 84' lang='lat' dir='ltr'><strong>Auditum</strong></span> <span class='ocrx_word' id='word_1_174' title='bbox 357 1883 522 1960; x_wconf 88' lang='lat' dir='ltr'><strong>frequenter</strong></span> <span class='ocrx_word' id='word_1_175' title='bbox 537 1900 574 1940; x_wconf 91' lang='lat' dir='ltr'><strong>ex</strong></span> <span class='ocrx_word' id='word_1_176' title='bbox 588 1883 663 1958; x_wconf 85' lang='lat' dir='ltr'><strong>ipso,</strong></span> <span class='ocrx_word' id='word_1_177' title='bbox 682 1899 745 1940; x_wconf 89' lang='lat' dir='ltr'><strong>cum</strong></span> <span class='ocrx_word' id='word_1_178' title='bbox 759 1888 928 1957; x_wconf 85' lang='lat' dir='ltr'><strong>quereretur</strong></span> <span class='ocrx_word' id='word_1_179' title='bbox 944 1880 979 1939; x_wconf 95' lang='lat' dir='ltr'><strong>de</strong></span> <span class='ocrx_word' id='word_1_180' title='bbox 994 1890 1137 1940; x_wconf 87' lang='lat' dir='ltr'><strong>contume-</strong></span> 
     </span>
     <span class='ocr_line' id='line_1_21' title="bbox 88 1963 1136 2042; baseline -0.004 -16"><span class='ocrx_word' id='word_1_181' title='bbox 88 1976 125 2027; x_wconf 84' lang='lat'><strong>20</strong></span> <span class='ocrx_word' id='word_1_182' title='bbox 133 1964 179 2023; x_wconf 92' lang='lat' dir='ltr'><strong>liis</strong></span> <span class='ocrx_word' id='word_1_183' title='bbox 190 1964 342 2024; x_wconf 90' lang='lat' dir='ltr'><strong>debilitatis</strong></span> <span class='ocrx_word' id='word_1_184' title='bbox 352 1983 431 2042; x_wconf 82' lang='lat' dir='ltr'><strong>suae,</strong></span> <span class='ocrx_word' id='word_1_185' title='bbox 445 1965 548 2040; x_wconf 81' lang='lat' dir='ltr'><strong>digitos</strong></span> <span class='ocrx_word' id='word_1_186' title='bbox 564 1982 596 2022; x_wconf 89' lang='lat' dir='ltr'><strong>se</strong></span> <span class='ocrx_word' id='word_1_187' title='bbox 609 1980 757 2023; x_wconf 90' lang='lat' dir='ltr'><strong>servorum</strong></span> <span class='ocrx_word' id='word_1_188' title='bbox 768 1980 884 2022; x_wconf 91' lang='lat' dir='ltr'><strong>suorum</strong></span> <span class='ocrx_word' id='word_1_189' title='bbox 896 1963 1000 2023; x_wconf 86' lang='lat' dir='ltr'><strong>cotidie</strong></span> <span class='ocrx_word' id='word_1_190' title='bbox 1016 1963 1136 2040; x_wconf 89' lang='lat' dir='ltr'><strong>lingere.</strong></span> 
     </span>
     <span class='ocr_line' id='line_1_22' title="bbox 133 2045 1183 2123; baseline 0.001 -19"><span class='ocrx_word' id='word_1_191' title='bbox 133 2046 256 2106; x_wconf 86' lang='lat' dir='ltr'><strong>Vivebat</strong></span> <span class='ocrx_word' id='word_1_192' title='bbox 270 2057 363 2106; x_wconf 87' lang='lat' dir='ltr'><strong>tamen</strong></span> <span class='ocrx_word' id='word_1_193' title='bbox 381 2058 410 2106; x_wconf 90' lang='lat' dir='ltr'><strong>et</strong></span> <span class='ocrx_word' id='word_1_194' title='bbox 422 2049 521 2106; x_wconf 89' lang='lat' dir='ltr'><strong>vivere</strong></span> <span class='ocrx_word' id='word_1_195' title='bbox 541 2045 668 2120; x_wconf 85' lang='lat' dir='ltr'><strong>volebat,</strong></span> <span class='ocrx_word' id='word_1_196' title='bbox 690 2054 866 2105; x_wconf 87' lang='lat' dir='ltr'><strong>sustentante</strong></span> <span class='ocrx_word' id='word_1_197' title='bbox 891 2046 1009 2104; x_wconf 87' lang='lat' dir='ltr'><strong>manime</strong></span> <span class='ocrx_word' id='word_1_198' title='bbox 1036 2063 1135 2123; x_wconf 80' lang='lat' dir='ltr'><strong>uxore,</strong></span> <span class='ocrx_word' id='word_1_199' title='bbox 1147 2061 1183 2110; x_wconf 81' lang='lat' dir='ltr'><strong>lo</strong></span> 
     </span>
     <span class='ocr_line' id='line_1_23' title="bbox 134 2127 1137 2208; baseline 0 -21"><span class='ocrx_word' id='word_1_200' title='bbox 134 2147 207 2206; x_wconf 89' lang='lat' dir='ltr'><strong>quae</strong></span> <span class='ocrx_word' id='word_1_201' title='bbox 225 2129 336 2208; x_wconf 90' lang='lat' dir='ltr'><strong>culpam</strong></span> <span class='ocrx_word' id='word_1_202' title='bbox 350 2129 475 2188; x_wconf 89' lang='lat' dir='ltr'><strong>inchoati</strong></span> <span class='ocrx_word' id='word_1_203' title='bbox 490 2128 655 2186; x_wconf 88' lang='lat' dir='ltr'><strong>matrimonii</strong></span> <span class='ocrx_word' id='word_1_204' title='bbox 669 2128 696 2185; x_wconf 93' lang='lat' dir='ltr'><strong>in</strong></span> <span class='ocrx_word' id='word_1_205' title='bbox 712 2127 831 2204; x_wconf 84' lang='lat' dir='ltr'><strong>gloriam</strong></span> <span class='ocrx_word' id='word_1_206' title='bbox 845 2131 1058 2206; x_wconf 87' lang='lat' dir='ltr'><strong>perseverantia</strong></span> <span class='ocrx_word' id='word_1_207' title='bbox 1074 2147 1137 2188; x_wconf 90' lang='lat' dir='ltr'><strong>ver-</strong></span> 
     </span>
     <span class='ocr_line' id='line_1_24' title="bbox 132 2210 1180 2276; baseline -0.001 -5"><span class='ocrx_word' id='word_1_208' title='bbox 132 2222 215 2271; x_wconf 89' lang='lat' dir='ltr'><strong>terat.</strong></span> <span class='ocrx_word' id='word_1_209' title='bbox 253 2211 348 2272; x_wconf 90' lang='lat' dir='ltr'><strong>Habes</strong></span> <span class='ocrx_word' id='word_1_210' title='bbox 370 2229 467 2272; x_wconf 93' lang='lat' dir='ltr'><strong>omues</strong></span> <span class='ocrx_word' id='word_1_211' title='bbox 488 2211 597 2270; x_wconf 83' lang='lat' dir='ltr'><strong>fabulas</strong></span> <span class='ocrx_word' id='word_1_212' title='bbox 619 2210 711 2268; x_wconf 80' lang='lat' dir='ltr'><strong>urbIs:</strong></span> <span class='ocrx_word' id='word_1_213' title='bbox 737 2227 800 2268; x_wconf 91' lang='lat' dir='ltr'><strong>nam</strong></span> <span class='ocrx_word' id='word_1_214' title='bbox 821 2219 884 2268; x_wconf 88' lang='lat' dir='ltr'><strong>sunt</strong></span> <span class='ocrx_word' id='word_1_215' title='bbox 907 2226 1005 2270; x_wconf 90' lang='lat' dir='ltr'><strong>omnes</strong></span> <span class='ocrx_word' id='word_1_216' title='bbox 1026 2210 1137 2270; x_wconf 88' lang='lat' dir='ltr'><strong>fabulae</strong></span> <span class='ocrx_word' id='word_1_217' title='bbox 1150 2225 1180 2276; x_wconf 87' lang='lat'><strong>11</strong></span> 
     </span>
     <span class='ocr_line' id='line_1_25' title="bbox 134 2293 1137 2375; baseline -0.002 -22"><span class='ocrx_word' id='word_1_218' title='bbox 134 2295 243 2355; x_wconf 87' lang='lat' dir='ltr'><strong>Tullus.</strong></span> <span class='ocrx_word' id='word_1_219' title='bbox 259 2295 451 2375; x_wconf 84' lang='lat' dir='ltr'><strong>Exspectatur</strong></span> <span class='ocrx_word' id='word_1_220' title='bbox 460 2296 563 2356; x_wconf 85' lang='lat' dir='ltr'><strong>auctio.</strong></span> <span class='ocrx_word' id='word_1_221' title='bbox 586 2293 651 2353; x_wconf 85' lang='lat' dir='ltr'><strong>Fuit</strong></span> <span class='ocrx_word' id='word_1_222' title='bbox 659 2295 732 2352; x_wconf 90' lang='lat' dir='ltr'><strong>euim</strong></span> <span class='ocrx_word' id='word_1_223' title='bbox 744 2303 800 2352; x_wconf 91' lang='lat' dir='ltr'><strong>tam</strong></span> <span class='ocrx_word' id='word_1_224' title='bbox 813 2295 948 2372; x_wconf 89' lang='lat' dir='ltr'><strong>copiosus</strong></span> <span class='ocrx_word' id='word_1_225' title='bbox 957 2301 987 2351; x_wconf 92' lang='lat' dir='ltr'><strong>ut</strong></span> <span class='ocrx_word' id='word_1_226' title='bbox 999 2294 1137 2372; x_wconf 91' lang='lat' dir='ltr'><strong>amplissi-</strong></span> 
     </span>
     <span class='ocr_line' id='line_1_26' title="bbox 89 2376 1137 2457; baseline -0.002 -20"><span class='ocrx_word' id='word_1_227' title='bbox 89 2395 124 2446; x_wconf 73' lang='lat'><strong>25</strong></span> <span class='ocrx_word' id='word_1_228' title='bbox 134 2396 195 2440; x_wconf 93' lang='lat' dir='ltr'><strong>mos</strong></span> <span class='ocrx_word' id='word_1_229' title='bbox 211 2379 310 2440; x_wconf 87' lang='lat' dir='ltr'><strong>hortos</strong></span> <span class='ocrx_word' id='word_1_230' title='bbox 328 2380 430 2440; x_wconf 87' lang='lat' dir='ltr'><strong>eodem</strong></span> <span class='ocrx_word' id='word_1_231' title='bbox 446 2397 502 2457; x_wconf 92' lang='lat' dir='ltr'><strong>quo</strong></span> <span class='ocrx_word' id='word_1_232' title='bbox 519 2387 625 2438; x_wconf 87' lang='lat' dir='ltr'><strong>emerat</strong></span> <span class='ocrx_word' id='word_1_233' title='bbox 644 2376 689 2436; x_wconf 87' lang='lat' dir='ltr'><strong>die</strong></span> <span class='ocrx_word' id='word_1_234' title='bbox 704 2379 866 2437; x_wconf 88' lang='lat' dir='ltr'><strong>instruxerit</strong></span> <span class='ocrx_word' id='word_1_235' title='bbox 881 2377 1007 2456; x_wconf 92' lang='lat' dir='ltr'><strong>plurimis</strong></span> <span class='ocrx_word' id='word_1_236' title='bbox 1023 2387 1052 2437; x_wconf 94' lang='lat' dir='ltr'><strong>et</strong></span> <span class='ocrx_word' id='word_1_237' title='bbox 1068 2380 1137 2437; x_wconf 88' lang='lat' dir='ltr'><strong>auli·</strong></span> 
     </span>
     <span class='ocr_line' id='line_1_27' title="bbox 134 2461 1137 2542; baseline -0.003 -21"><span class='ocrx_word' id='word_1_238' title='bbox 134 2465 276 2540; x_wconf 92' lang='lat' dir='ltr'><strong>quissimis</strong></span> <span class='ocrx_word' id='word_1_239' title='bbox 292 2467 401 2524; x_wconf 89' lang='lat' dir='ltr'><strong>statuis.</strong></span> <span class='ocrx_word' id='word_1_240' title='bbox 431 2463 548 2523; x_wconf 82' lang='lat' dir='ltr'><strong>Tantum</strong></span> <span class='ocrx_word' id='word_1_241' title='bbox 561 2462 608 2542; x_wconf 27' lang='lat' dir='ltr'><strong>&#39;illi</strong></span> <span class='ocrx_word' id='word_1_242' title='bbox 624 2461 878 2539; x_wconf 90' lang='lat' dir='ltr'><strong>pulcherrimorum</strong></span> <span class='ocrx_word' id='word_1_243' title='bbox 896 2479 1013 2539; x_wconf 90' lang='lat' dir='ltr'><strong>operum</strong></span> <span class='ocrx_word' id='word_1_244' title='bbox 1027 2463 1055 2520; x_wconf 93' lang='lat' dir='ltr'><strong>in</strong></span> <span class='ocrx_word' id='word_1_245' title='bbox 1072 2461 1137 2520; x_wconf 87' lang='lat' dir='ltr'><strong>bor-</strong></span> 
     </span>
     <span class='ocr_line' id='line_1_28' title="bbox 133 2545 1136 2625; baseline -0.001 -22"><span class='ocrx_word' id='word_1_246' title='bbox 133 2549 208 2621; x_wconf 84' lang='lat' dir='ltr'><strong>reis,</strong></span> <span class='ocrx_word' id='word_1_247' title='bbox 230 2565 302 2624; x_wconf 87' lang='lat' dir='ltr'><strong>quae</strong></span> <span class='ocrx_word' id='word_1_248' title='bbox 323 2547 505 2625; x_wconf 81' lang='lat' dir='ltr'><strong>neglegebat.</strong></span> <span class='ocrx_word' id='word_1_249' title='bbox 535 2546 661 2606; x_wconf 88' lang='lat' dir='ltr'><strong>Invicem</strong></span> <span class='ocrx_word' id='word_1_250' title='bbox 681 2554 722 2622; x_wconf 85' lang='lat' dir='ltr'><strong>tu,</strong></span> <span class='ocrx_word' id='word_1_251' title='bbox 746 2547 770 2607; x_wconf 90' lang='lat' dir='ltr'><strong>si</strong></span> <span class='ocrx_word' id='word_1_252' title='bbox 789 2545 855 2623; x_wconf 89' lang='lat' dir='ltr'><strong>quid</strong></span> <span class='ocrx_word' id='word_1_253' title='bbox 877 2547 942 2604; x_wconf 88' lang='lat' dir='ltr'><strong>istic</strong></span> <span class='ocrx_word' id='word_1_254' title='bbox 960 2545 1081 2623; x_wconf 89' lang='lat' dir='ltr'><strong>epistula</strong></span> <span class='ocrx_word' id='word_1_255' title='bbox 1097 2545 1136 2603; x_wconf 92' lang='lat' dir='ltr'><strong>di-</strong></span> 
     </span>
     <span class='ocr_line' id='line_1_29' title="bbox 134 2629 1182 2706; baseline 0.005 -19"><span class='ocrx_word' id='word_1_256' title='bbox 134 2647 232 2705; x_wconf 89' lang='lat' dir='ltr'><strong>gnum‚</strong></span> <span class='ocrx_word' id='word_1_257' title='bbox 244 2647 280 2687; x_wconf 94' lang='lat' dir='ltr'><strong>ne</strong></span> <span class='ocrx_word' id='word_1_258' title='bbox 292 2647 419 2704; x_wconf 87' lang='lat' dir='ltr'><strong>gravare.</strong></span> <span class='ocrx_word' id='word_1_259' title='bbox 442 2629 512 2689; x_wconf 91' lang='lat' dir='ltr'><strong>Nam</strong></span> <span class='ocrx_word' id='word_1_260' title='bbox 525 2649 588 2690; x_wconf 90' lang='lat' dir='ltr'><strong>oum</strong></span> <span class='ocrx_word' id='word_1_261' title='bbox 598 2648 681 2689; x_wconf 91' lang='lat' dir='ltr'><strong>aures</strong></span> <span class='ocrx_word' id='word_1_262' title='bbox 693 2629 836 2688; x_wconf 92' lang='lat' dir='ltr'><strong>hominum</strong></span> <span class='ocrx_word' id='word_1_263' title='bbox 846 2631 971 2690; x_wconf 90' lang='lat' dir='ltr'><strong>novitate</strong></span> <span class='ocrx_word' id='word_1_264' title='bbox 987 2629 1136 2706; x_wconf 86' lang='lat' dir='ltr'><strong>laetantur,</strong></span> <span class='ocrx_word' id='word_1_265' title='bbox 1148 2641 1182 2691; x_wconf 76' lang='lat'><strong>12</strong></span> 
     </span>
     <span class='ocr_line' id='line_1_30' title="bbox 135 2712 918 2792; baseline 0.001 -21"><span class='ocrx_word' id='word_1_266' title='bbox 135 2723 194 2771; x_wconf 87' lang='lat' dir='ltr'><strong>turn</strong></span> <span class='ocrx_word' id='word_1_267' title='bbox 210 2712 244 2770; x_wconf 91' lang='lat' dir='ltr'><strong>ad</strong></span> <span class='ocrx_word' id='word_1_268' title='bbox 258 2713 395 2772; x_wconf 90' lang='lat' dir='ltr'><strong>rationem</strong></span> <span class='ocrx_word' id='word_1_269' title='bbox 409 2715 483 2772; x_wconf 90' lang='lat' dir='ltr'><strong>vitae</strong></span> <span class='ocrx_word' id='word_1_270' title='bbox 501 2713 640 2792; x_wconf 85' lang='lat' dir='ltr'><strong>exemplis</strong></span> <span class='ocrx_word' id='word_1_271' title='bbox 657 2713 807 2772; x_wconf 88' lang='lat' dir='ltr'><strong>erudimur.</strong></span> <span class='ocrx_word' id='word_1_272' title='bbox 838 2712 918 2774; x_wconf 74' lang='lat' dir='ltr'><strong>Vale‘.</strong></span> 
     </span>
    </p>
   </div>
   <div class='ocr_carea' id='block_1_3' title="bbox 89 2811 859 2992">
    <p class='ocr_par' dir='ltr' id='par_1_3' title="bbox 89 2811 859 2992">
     <span class='ocr_line' id='line_1_31' title="bbox 89 2811 691 2901; baseline 0.002 -3"><span class='ocrx_word' id='word_1_273' title='bbox 89 2811 126 2864; x_wconf 84' lang='lat'><strong>³⁰</strong></span> <span class='ocrx_word' id='word_1_274' title='bbox 574 2840 691 2901; x_wconf 86' lang='lat' dir='ltr'><strong>xvrrn.</strong></span> 
     </span>
     <span class='ocr_line' id='line_1_32' title="bbox 128 2939 859 2992; baseline 0.005 -5"><span class='ocrx_word' id='word_1_275' title='bbox 128 2941 132 2947; x_wconf 81' lang='grc'><em>“</em></span> <span class='ocrx_word' id='word_1_276' title='bbox 413 2939 439 2988; x_wconf 79' lang='grc' dir='ltr'><strong>Ο.</strong></span> <span class='ocrx_word' id='word_1_277' title='bbox 458 2939 583 2990; x_wconf 86' lang='lat' dir='ltr'>PLINIUS</span> <span class='ocrx_word' id='word_1_278' title='bbox 603 2940 734 2990; x_wconf 86' lang='lat' dir='ltr'><strong>MAXIMO</strong></span> <span class='ocrx_word' id='word_1_279' title='bbox 754 2939 812 2990; x_wconf 85' lang='lat' dir='ltr'><strong>SUO</strong></span> <span class='ocrx_word' id='word_1_280' title='bbox 833 2941 859 2992; x_wconf 90' lang='lat' dir='ltr'><strong>S.</strong></span> 
     </span>
    </p>
   </div>
   <div class='ocr_carea' id='block_1_4' title="bbox 91 3037 1225 3536">
    <p class='ocr_par' dir='ltr' id='par_1_4' title="bbox 91 3037 1225 3536">
     <span class='ocr_line' id='line_1_33' title="bbox 197 3037 1163 3118; baseline 0.005 -21"><span class='ocrx_word' id='word_1_281' title='bbox 197 3037 234 3097; x_wconf 88' lang='lat' dir='ltr'><strong>Et</strong></span> <span class='ocrx_word' id='word_1_282' title='bbox 250 3037 381 3115; x_wconf 88' lang='lat' dir='ltr'><strong>gaudium</strong></span> <span class='ocrx_word' id='word_1_283' title='bbox 400 3039 466 3097; x_wconf 86' lang='lat' dir='ltr'><strong>milri</strong></span> <span class='ocrx_word' id='word_1_284' title='bbox 483 3048 511 3099; x_wconf 88' lang='lat' dir='ltr'><strong>et</strong></span> <span class='ocrx_word' id='word_1_285' title='bbox 528 3039 664 3100; x_wconf 84' lang='lat' dir='ltr'><strong>solaciom</strong></span> <span class='ocrx_word' id='word_1_286' title='bbox 678 3043 706 3099; x_wconf 90' lang='lat' dir='ltr'><strong>in</strong></span> <span class='ocrx_word' id='word_1_287' title='bbox 723 3042 841 3118; x_wconf 83' lang='lat' dir='ltr'><strong>litteris,</strong></span> <span class='ocrx_word' id='word_1_288' title='bbox 863 3040 989 3117; x_wconf 91' lang='lat' dir='ltr'><strong>nihilque</strong></span> <span class='ocrx_word' id='word_1_289' title='bbox 1007 3049 1063 3097; x_wconf 86' lang='lat' dir='ltr'><strong>tam</strong></span> <span class='ocrx_word' id='word_1_290' title='bbox 1080 3038 1163 3102; x_wconf 88' lang='lat' dir='ltr'><strong>lae-1</strong></span> 
     </span>
     <span class='ocr_line' id='line_1_34' title="bbox 133 3122 1137 3203; baseline -0.003 -20"><span class='ocrx_word' id='word_1_291' title='bbox 133 3133 193 3183; x_wconf 89' lang='lat' dir='ltr'><strong>tum</strong></span> <span class='ocrx_word' id='word_1_292' title='bbox 214 3122 291 3199; x_wconf 93' lang='lat' dir='ltr'><strong>quod</strong></span> <span class='ocrx_word' id='word_1_293' title='bbox 311 3122 354 3182; x_wconf 93' lang='lat' dir='ltr'><strong>his</strong></span> <span class='ocrx_word' id='word_1_294' title='bbox 377 3122 496 3199; x_wconf 83' lang='lat' dir='ltr'><strong>laetius,</strong></span> <span class='ocrx_word' id='word_1_295' title='bbox 520 3133 575 3183; x_wconf 90' lang='lat' dir='ltr'><strong>tam</strong></span> <span class='ocrx_word' id='word_1_296' title='bbox 594 3127 674 3184; x_wconf 89' lang='lat' dir='ltr'><strong>triste</strong></span> <span class='ocrx_word' id='word_1_297' title='bbox 697 3125 773 3203; x_wconf 91' lang='lat' dir='ltr'><strong>quod</strong></span> <span class='ocrx_word' id='word_1_298' title='bbox 792 3141 847 3183; x_wconf 92' lang='lat' dir='ltr'><strong>nou</strong></span> <span class='ocrx_word' id='word_1_299' title='bbox 865 3141 918 3201; x_wconf 91' lang='lat' dir='ltr'><strong>per</strong></span> <span class='ocrx_word' id='word_1_300' title='bbox 931 3123 981 3180; x_wconf 88' lang='lat' dir='ltr'><strong>has</strong></span> <span class='ocrx_word' id='word_1_301' title='bbox 997 3123 1034 3180; x_wconf 88' lang='lat' dir='ltr'><strong>sit</strong></span> <span class='ocrx_word' id='word_1_302' title='bbox 1047 3123 1137 3180; x_wconf 92' lang='lat' dir='ltr'><strong>minus</strong></span> 
     </span>
     <span class='ocr_line' id='line_1_35' title="bbox 91 3202 1138 3283; baseline -0.011 -12"><span class='ocrx_word' id='word_1_303' title='bbox 91 3217 125 3271; x_wconf 81' lang='lat'><strong>35</strong></span> <span class='ocrx_word' id='word_1_304' title='bbox 136 3208 226 3267; x_wconf 88' lang='lat' dir='ltr'><strong>triste.</strong></span> <span class='ocrx_word' id='word_1_305' title='bbox 260 3205 361 3283; x_wconf 89' lang='lat' dir='ltr'><strong>Itaque</strong></span> <span class='ocrx_word' id='word_1_306' title='bbox 384 3215 412 3265; x_wconf 88' lang='lat' dir='ltr'><strong>et</strong></span> <span class='ocrx_word' id='word_1_307' title='bbox 428 3207 584 3267; x_wconf 91' lang='lat' dir='ltr'><strong>iulirmitatc</strong></span> <span class='ocrx_word' id='word_1_308' title='bbox 602 3210 697 3267; x_wconf 82' lang='lat' dir='ltr'><strong>uxoris</strong></span> <span class='ocrx_word' id='word_1_309' title='bbox 714 3218 743 3267; x_wconf 87' lang='lat' dir='ltr'><strong>et</strong></span> <span class='ocrx_word' id='word_1_310' title='bbox 759 3224 885 3266; x_wconf 89' lang='lat' dir='ltr'><strong>meorum</strong></span> <span class='ocrx_word' id='word_1_311' title='bbox 903 3202 1050 3282; x_wconf 82' lang='lat' dir='ltr'><strong>periculo,</strong></span> <span class='ocrx_word' id='word_1_312' title='bbox 1068 3220 1138 3280; x_wconf 90' lang='lat' dir='ltr'><strong>quo-</strong></span> 
     </span>
     <span class='ocr_line' id='line_1_36' title="bbox 136 3285 1225 3367; baseline -0.003 -19"><span class='ocrx_word' id='word_1_313' title='bbox 136 3289 250 3349; x_wconf 88' lang='lat' dir='ltr'><strong>rundam</strong></span> <span class='ocrx_word' id='word_1_314' title='bbox 271 3307 341 3349; x_wconf 92' lang='lat' dir='ltr'><strong>vero</strong></span> <span class='ocrx_word' id='word_1_315' title='bbox 364 3292 447 3349; x_wconf 88' lang='lat' dir='ltr'><strong>etiam</strong></span> <span class='ocrx_word' id='word_1_316' title='bbox 468 3299 558 3350; x_wconf 89' lang='lat' dir='ltr'><strong>morte</strong></span> <span class='ocrx_word' id='word_1_317' title='bbox 581 3292 727 3367; x_wconf 76' lang='lat' dir='ltr'><strong>turbatus,</strong></span> <span class='ocrx_word' id='word_1_318' title='bbox 749 3290 783 3349; x_wconf 91' lang='lat' dir='ltr'><strong>ad</strong></span> <span class='ocrx_word' id='word_1_319' title='bbox 803 3290 916 3347; x_wconf 93' lang='lat' dir='ltr'><strong>unicum</strong></span> <span class='ocrx_word' id='word_1_320' title='bbox 933 3286 1039 3346; x_wconf 94' lang='lat' dir='ltr'><strong>doloris</strong></span> <span class='ocrx_word' id='word_1_321' title='bbox 1061 3285 1138 3346; x_wconf 88' lang='lat' dir='ltr'><strong>leva·</strong></span> <span class='ocrx_word' id='word_1_322' title='bbox 1223 3295 1225 3300; x_wconf 83' lang='lat'>&#39;</span> 
     </span>
     <span class='ocr_line' id='line_1_37' title="bbox 135 3369 1137 3451; baseline -0.003 -19"><span class='ocrx_word' id='word_1_323' title='bbox 135 3382 258 3432; x_wconf 90' lang='lat' dir='ltr'><strong>mentum</strong></span> <span class='ocrx_word' id='word_1_324' title='bbox 279 3373 370 3434; x_wconf 88' lang='lat' dir='ltr'><strong>studia</strong></span> <span class='ocrx_word' id='word_1_325' title='bbox 391 3374 524 3451; x_wconf 82' lang='lat' dir='ltr'><strong>confugi,</strong></span> <span class='ocrx_word' id='word_1_326' title='bbox 548 3392 620 3451; x_wconf 91' lang='lat' dir='ltr'><strong>quae</strong></span> <span class='ocrx_word' id='word_1_327' title='bbox 643 3382 788 3450; x_wconf 86' lang='lat' dir='ltr'><strong>praestant</strong></span> <span class='ocrx_word' id='word_1_328' title='bbox 808 3381 839 3430; x_wconf 89' lang='lat' dir='ltr'><strong>ut</strong></span> <span class='ocrx_word' id='word_1_329' title='bbox 859 3369 979 3430; x_wconf 91' lang='lat' dir='ltr'><strong>adversa</strong></span> <span class='ocrx_word' id='word_1_330' title='bbox 995 3372 1084 3448; x_wconf 86' lang='lat' dir='ltr'><strong>mugr‘s</strong></span> <span class='ocrx_word' id='word_1_331' title='bbox 1097 3372 1137 3429; x_wconf 92' lang='lat' dir='ltr'><strong>iu·</strong></span> 
     </span>
     <span class='ocr_line' id='line_1_38' title="bbox 136 3453 1166 3536; baseline -0.001 -19"><span class='ocrx_word' id='word_1_332' title='bbox 136 3457 283 3536; x_wconf 87' lang='lat' dir='ltr'><strong>tellegam‚</strong></span> <span class='ocrx_word' id='word_1_333' title='bbox 295 3457 347 3518; x_wconf 93' lang='lat' dir='ltr'><strong>sed</strong></span> <span class='ocrx_word' id='word_1_334' title='bbox 362 3458 512 3536; x_wconf 88' lang='lat' dir='ltr'><strong>patientius</strong></span> <span class='ocrx_word' id='word_1_335' title='bbox 525 3456 623 3516; x_wconf 84' lang='lat' dir='ltr'><strong>leram.</strong></span> <span class='ocrx_word' id='word_1_336' title='bbox 645 3455 699 3516; x_wconf 84' lang='lat' dir='ltr'><strong>Est</strong></span> <span class='ocrx_word' id='word_1_337' title='bbox 710 3454 880 3516; x_wconf 86' lang='lat' dir='ltr'><strong>autemmihi</strong></span> <span class='ocrx_word' id='word_1_338' title='bbox 892 3455 977 3514; x_wconf 91' lang='lat' dir='ltr'><strong>moris</strong></span> <span class='ocrx_word' id='word_1_339' title='bbox 991 3453 1066 3532; x_wconf 90' lang='lat' dir='ltr'><strong>quod</strong></span> <span class='ocrx_word' id='word_1_340' title='bbox 1077 3466 1166 3516; x_wconf 66' lang='lat' dir='ltr'><strong>suma</strong></span> 
     </span>
    </p>
   </div>
   <div class='ocr_carea' id='block_1_5' title="bbox 0 0 1299 4116">
    <p class='ocr_par' dir='ltr' id='par_1_5' title="bbox 0 0 1299 4116">
     <span class='ocr_line' id='line_1_39' title="bbox 0 0 1299 4116; baseline 0 0"><span class='ocrx_word' id='word_1_341' title='bbox 0 0 1299 4116; x_wconf 95' lang='lat' dir='ltr'><strong> </strong></span> 
     </span>
    </p>
   </div>
  </div>
 </body>
</html>
