2588 4116
112 219 175 279 ‘290
537 213 571 275 C.
591 214 689 275 Pthl

113 391 164 452 par
180 370 310 448 capiendi
327 368 539 448 quaerendique
559 367 646 427 sudor
662 385 843 446 summusque
860 379 889 428 et
904 369 979 428 idem
995 373 1117 448 gratissi·

114 475 175 516 mus
190 455 272 514 labor
286 455 424 513 invenire.
448 451 618 527 Enimvero,
635 452 660 512 si
676 451 786 528 quando
801 452 909 531 placuit
923 453 1001 513 idem
1015 472 1115 534 corpo
1158 490 1160 497 ·

114 543 153 600 ris
173 540 261 599 robur
282 541 311 597 in
330 538 415 596 maria
434 536 583 614 prolerre,
599 553 655 594 non
669 534 720 595 ille
737 534 873 595 fluitantia
887 535 954 596 vela
965 548 1015 597 aut
1030 539 1117 599 oculis

115 626 244 702 sequitur
263 631 312 681 aut
331 621 476 696 manibus,
503 619 556 680 sed
576 637 650 678 nnnc
671 619 873 697 gubernaculis
890 619 1019 698 adsidet,
1047 641 1117 682 nunc

115 726 179 768 cnm
191 706 385 766 valentissimo
398 721 512 783 quoque
528 702 667 763 sodalium
681 712 770 762 certat
785 702 919 780 frangere
938 703 1056 782 ductus,
1073 705 1137 765 dot

116 795 213 851 mitare
231 799 335 851 ventos
356 787 532 848 reluctantes
547 789 690 864 remisque
703 786 860 847 transsilire
877 787 1019 848 obstantia
1034 789 1115 850 freta:

64 886 104 948 82
116 884 250 954 quantum
270 871 415 932 dissimilis
436 871 477 930 illi
499 872 546 950 qui
567 887 623 930 non
643 869 743 930 Albani
764 870 843 929 lacus
865 873 952 930 otium
967 871 1116 952 Baianique

116 969 260 1036 torporem
282 965 310 1015 et
329 955 473 1015 silentium
490 955 584 1032 ferre,
608 973 664 1014 non
679 954 792 1033 pulsum
806 953 907 1014 saltem
919 954 1117 1034 fragoremque

113 1057 254 1101 remorum
269 1041 382 1116 perpeti
398 1047 510 1116 poterat
523 1041 590 1116 quin
600 1039 636 1098 ad
650 1036 777 1115 singulos
792 1040 866 1099 ictus
880 1042 957 1118 turpi
971 1040 1116 1100 formidine

114 1120 313 1185 horresceret!
341 1121 442 1199 ltaque
457 1121 558 1199 procul
575 1122 610 1181 ab
626 1124 701 1181 omni
716 1139 788 1182 sono
803 1125 995 1183 inconcussus
1011 1127 1075 1203 ipse
1090 1132 1150 1187 etit

113 1210 253 1282 inmotus,
269 1204 391 1283 religato
408 1206 596 1284 revinctoqne
609 1208 739 1284 navigio,
757 1223 813 1266 non
826 1224 914 1268 secus
930 1225 964 1267 ac
979 1208 1118 1287 piaculum

113 1289 229 1370 aliquod
243 1289 416 1351 trahebatur.
438 1288 534 1350 Foeda
548 1289 657 1368 iacies,
673 1308 736 1349 curn
751 1291 853 1371 populi
866 1290 987 1350 Romani
1000 1294 1117 1370 impera·

114 1387 160 1437 tor
179 1376 302 1435 alienum
323 1393 436 1434 cursum
457 1373 637 1452 alienumque
654 1385 813 1450 rectorem,
839 1375 920 1435 velut
938 1384 1021 1453 capta
1036 1395 1116 1453 nave,

114 1469 295 1538 sequeretur.
324 1457 387 1518 Nec
407 1457 589 1518 deformitate
604 1459 658 1518 ista
673 1458 773 1519 saltem
787 1459 899 1519 flumina
914 1460 1066 1528 carebant;
1081 1469 1118 1518 at·

115 1562 171 1623 que
190 1544 273 1601 etiam
293 1542 439 1602 Danubius
457 1559 491 1601 ac
505 1541 623 1602 Rhenus
644 1551 749 1602 tantum
768 1541 836 1602 illud
856 1546 946 1603 nostri
968 1543 1117 1604 dedecoris
1126 1549 1149 1603 15

113 1627 221 1686 vehere
234 1625 411 1703 gaudebant,
425 1643 482 1683 non
493 1626 602 1684 minore
616 1643 678 1685 cum
692 1625 800 1704 pudore
812 1629 923 1704 imperii
931 1673 940 1704 ,
957 1627 1034 1706 quod
1049 1628 1117 1687 haec

115 1709 256 1769 Romanae
270 1708 400 1786 aquilae,
416 1707 542 1768 Romana
557 1711 655 1787 signa,
667 1709 792 1770 Romana
803 1711 926 1788 deniqne
943 1713 1020 1789 ripa,
1037 1729 1116 1790 quam

114 1792 190 1870 quod
204 1791 327 1851 hostiurn
342 1801 561 1870 prospectaret,
583 1792 721 1870 hostium,
737 1795 838 1871 quihus
853 1795 941 1853 moris
959 1804 1004 1854 est
1019 1795 1115 1855 eadem

112 1874 160 1935 illa
177 1893 251 1934 nunc
263 1877 382 1951 rigentia
396 1875 466 1951 gelu
481 1875 594 1935 humina
608 1887 656 1936 aut
668 1879 774 1954 campis
789 1878 940 1956 superfusa
951 1897 1022 1938 nnnc
1033 1877 1114 1955 liqui·

113 1957 148 2018 da
162 1977 197 2019 ac
214 1958 372 2019 deferentia
384 1959 505 2021 lustrare
515 1962 634 2038 navigiis
647 1961 795 2039 nandoque
806 1980 955 2040 superare.
974 1960 1036 2023 Nec
1046 1970 1150 2023 verott

112 2042 285 2103 laudaverim
302 2062 355 2123 per
374 2064 407 2105 se
427 2063 531 2123 magno
548 2063 637 2124 opere
655 2047 781 2106 duritiam
796 2047 926 2123 corporis
941 2064 976 2106 ac
996 2046 1114 2106 lacerto·

112 2146 188 2187 rum:
208 2127 260 2188 sed
282 2131 307 2189 si
321 2128 365 2187 his
379 2128 501 2189 validior
514 2139 576 2189 toto
593 2147 715 2208 corpore
730 2132 837 2190 animus
855 2131 1019 2209 imperitet,
1036 2148 1114 2208 quern

113 2228 170 2271 non
185 2211 315 2273 fortunae
331 2212 504 2291 indulgentia
519 2213 642 2291 molliat,
658 2231 714 2272 non
727 2216 828 2292 copiae
841 2213 1017 2293 principales
1028 2215 1064 2275 ad
1073 2233 1115 2275 se-

112 2298 229 2374 gnitiem
250 2296 405 2376 luxumque
426 2297 629 2376 detorqueant,
655 2307 722 2358 tunc
738 2315 811 2375 ego,
840 2316 893 2358 seu
908 2300 1053 2359 montibus
1068 2315 1117 2358 seu

112 2383 180 2440 mari
198 2390 382 2459 exerceatur,
406 2390 434 2441 et
449 2381 552 2443 laetum
569 2400 657 2460 opere
674 2400 779 2460 corpus
796 2391 825 2441 et
841 2385 1000 2442 crescentia
1014 2383 1149 2444 labori-tt

113 2466 165 2525 hus
187 2468 312 2525 membra
328 2466 460 2525 mirabor.
493 2465 583 2525 Video
598 2469 672 2525 enirn
688 2468 742 2527 iam
755 2466 820 2526 inde
834 2469 985 2545 antiquitus
1001 2468 1117 2526 maritos

112 2546 226 2605 dearum
246 2566 280 2608 ac
302 2548 421 2607 deornm
435 2548 543 2609 liberos
630 2567 684 2609 nec
701 2550 836 2626 dignitate
854 2553 1013 2630 nuptiarum
1027 2553 1117 2627 magis

112 2646 194 2705 qnam
209 2629 253 2687 his
268 2629 374 2689 artibus
389 2630 567 2691 inclaruisse.
586 2631 674 2691 Sirnul
692 2638 799 2712 cogito,
816 2652 880 2694 cum
895 2637 949 2695 sint
964 2638 1020 2695 ista
1034 2633 1117 2694 ludus

112 2721 140 2771 et
155 2722 369 2771 avocamentum
388 2713 488 2789 huius,
579 2715 646 2776 illae
661 2721 753 2778 seriae
773 2729 802 2779 et
816 2722 957 2794 intentae,
982 2728 1012 2779 et
1027 2737 1043 2778 a
1060 2720 1116 2798 qui·

111 2796 163 2854 hus
179 2813 211 2853 se
226 2796 255 2852 in
267 2794 324 2856 tale
337 2798 424 2856 otium
439 2800 549 2876 recipit.
572 2799 742 2880 Voluptates
757 2814 821 2863 sunt
836 2805 925 2881 enim,
941 2802 1150 2882 voluptatenat

112 2879 213 2956 quihus
227 2881 334 2956 optime
348 2880 384 2941 de
395 2883 533 2960 cuiusque
545 2886 684 2960 gravitate
697 2889 847 2948 sanctitate
859 2890 1049 2966 temperantia
1056 2906 1114 2947 cre·

111 2962 193 3022 ditur.
216 2961 286 3023 Nam
304 2967 367 3044 quis
383 2965 456 3024 adeo
472 2964 629 3029 dissolutus
645 2972 724 3029 cuius
740 2986 796 3030 non
814 2972 1054 3050 occupationibus
1069 2971 1116 3031 ali·

111 3066 166 3128 qua
181 3051 297 3127 species
312 3053 472 3110 severitatis
488 3049 628 3112 insideat?
644 3051 709 3112 Otio
722 3055 874 3131 prodimur.
896 3056 1012 3116 Annon
1030 3054 1115 3134 pleri·

110 3152 166 3212 que
182 3135 327 3213 principes
345 3134 402 3195 hoc
417 3135 491 3195 idem
509 3145 622 3214 tempus
643 3138 670 3194 in
686 3136 777 3196 aleam
792 3149 888 3218 stupra
904 3139 1002 3199 luxum
1018 3140 1116 3200 confe-

109 3218 227 3296 rebant,
257 3237 320 3278 cum
346 3221 482 3279 seriarum
511 3219 668 3279 laxamenta
695 3238 823 3281 curarum
844 3226 976 3284 vitiorum
997 3232 1151 3286 conten-at

59 3303 98 3364 83
112 3303 188 3360 tione
204 3300 392 3380 supplerent?
414 3302 506 3363 Habet
519 3303 575 3363 hoc
590 3306 708 3382 primurn
719 3323 819 3382 magna
831 3306 941 3369 fortuna
956 3309 1034 3385 quod
1048 3308 1118 3369 nihil

111 3393 234 3460 tectum,
248 3385 316 3445 nihil
332 3385 476 3446 occultum
487 3407 554 3448 csse
566 3390 685 3466 patitur:
701 3392 861 3467 principum
874 3410 943 3451 vero
959 3409 1015 3451 non
1030 3393 1117 3452 modo

110 3465 210 3526 domos
228 3468 280 3527 sed
303 3469 432 3531 cubicula
447 3472 510 3548 ipsa
526 3473 697 3551 intimosque
718 3491 856 3534 secessus
872 3474 994 3535 recludit
1010 3478 1117 3536 omnia·
