2588 4116
159 219 221 281 ese
598 219 629 282 c.
653 218 748 278 retur
1220 39 1231 297 d

162 382 412 451 contemptumque
423 375 520 433 mortis
535 371 723 448 accenderet,
742 389 804 429 cum
817 373 844 430 in
859 390 1010 432 servorum
1022 374 1110 432 etiam
1123 392 1168 434 no·

160 458 328 535 xiorumque
346 457 515 534 corporibus
536 473 613 515 amor
627 454 716 514 laudis
735 465 764 514 et
781 455 883 533 cupido
906 457 1049 516 victoriae
1074 474 1167 517 cerne·

160 551 248 600 retur.
286 539 376 612 Quam
396 539 498 599 deinde
521 542 548 598 in
569 538 681 598 edendo
696 538 910 615 liberalitatem,
937 556 1023 616 quam
1038 540 1168 601 iustitiam

161 624 305 700 exhibuit,
328 625 403 683 omni
424 623 586 682 adfectione
608 631 655 680 aut
669 624 791 682 intactus
805 632 851 682 aut
866 622 971 682 maior!
994 621 1168 700 lnpetratum

162 719 207 767 est
226 707 301 786 quod
316 705 528 786 postulabatur,
546 704 669 765 oblatum
684 705 761 783 quod
776 723 831 765 non
848 705 1060 784 postulabatur.
1089 706 1185 768 lusti-t

160 795 193 852 tit
208 791 282 851 ultro
298 801 327 850 et
341 799 371 849 ut
386 790 657 868 concupisceremus
674 789 832 866 admonuit,
848 807 882 848 ac
897 790 940 849 sic
956 806 1077 868 quoque
1091 790 1167 870 plura

159 877 315 952 inopinata,
340 873 419 948 plura
435 874 536 933 subita.
570 873 627 932 lam
645 890 727 950 quam
745 873 836 932 libera
855 875 1050 951 spectantium
1069 874 1165 951 studia,

160 976 241 1035 quam
261 975 381 1016 securus
403 955 498 1015 lavor!
536 955 647 1015 Nemini
666 958 804 1034 inpietas,
832 966 862 1016 ut
883 956 1018 1033 solebat,
1044 958 1165 1034 obiecta,
1229 908 1235 1021 d

160 1039 235 1118 quod
252 1039 360 1100 odisset
375 1038 575 1115 gladiatorem:
597 1057 679 1098 nemo
695 1058 712 1099 e
729 1049 892 1116 spectatore
911 1041 1114 1119 spectaculum
1129 1042 1165 1101 la·
1231 1026 1235 1139 1

160 1134 239 1200 ctus,
255 1124 373 1182 miseras
390 1122 552 1202 voluptates
565 1141 639 1182 unco
654 1132 683 1182 et
693 1124 805 1198 ignibus
821 1125 957 1201 expiavit.
977 1124 1106 1186 Demens
1120 1123 1165 1184 ille
1173 1139 1198 1189 10
1233 1148 1235 1187 t

158 1210 278 1285 verique
294 1206 410 1267 honoris
427 1209 541 1284 ignarus
558 1208 606 1284 qui
623 1208 737 1265 crimina
751 1209 903 1268 maiestatis
918 1209 946 1266 in
963 1207 1074 1269 harena
1089 1207 1164 1269 colli·

159 1292 246 1368 gebat
268 1309 302 1351 ao
320 1310 353 1351 se
375 1290 486 1369 despici
508 1301 537 1351 et
559 1292 720 1367 contemni,
744 1291 799 1351 nisi
817 1294 899 1352 etiam
913 1290 1092 1368 gladiatores
1108 1295 1164 1354 sius

157 1393 373 1451 veneraremur,
396 1375 450 1434 sibi
467 1374 612 1435 maledici
629 1373 744 1453 inillis,
767 1391 845 1434 suam
866 1375 1060 1454 divinitatem,
1075 1366 1164 1437 ‘suum

159 1478 261 1519 numen
269 1459 627 1538 violariinterpretabatur,
641 1477 761 1537 cumque
773 1475 806 1517 se
820 1458 894 1517 idem
906 1458 984 1537 qnod
995 1458 1080 1537 deos,
1093 1460 1163 1521 idem

109 1548 149 1610 34
160 1542 333 1620 gladiatores
350 1542 426 1621 quod
440 1562 473 1602 se
491 1543 614 1620 putabat.
649 1541 687 1602 m
702 1553 749 1619 tu,
775 1539 898 1616 Caesar,
916 1560 1001 1620 quam
1015 1543 1163 1622 pulcbrnm
1171 1558 1198 1610 15

160 1625 354 1705 spectaculum
371 1642 423 1702 pro
445 1625 496 1686 illo
516 1626 598 1687 nobis
614 1625 769 1686 execrabili
784 1625 944 1685 reddidisti!
972 1626 1100 1687 Vidimus
1117 1626 1162 1687 de·

159 1709 278 1768 latorum
293 1708 442 1784 iudicium,
460 1711 539 1787 quasi
551 1720 759 1786 grassatorum,
776 1710 855 1789 quasi
869 1709 1019 1770 latronum.
1039 1711 1103 1771 Non
1118 1729 1161 1771 so·

158 1791 304 1850 litudinem
317 1792 375 1869 illi,
398 1796 543 1870 nouiter,
564 1794 616 1853 sed
637 1793 789 1872 templum,
812 1792 865 1854 sed
879 1793 971 1853 lorum
985 1795 1161 1855 insederant·

159 1874 235 1934 nulla
249 1877 302 1934 iam
318 1884 484 1936 testamenta
499 1895 616 1955 secura,
632 1877 727 1938 nullus
741 1887 831 1938 status
846 1887 958 1939 certus:
972 1895 1031 1938 non
1046 1879 1159 1954 orbitas,

158 1975 215 2018 non
234 1959 317 2019 liberi
340 1960 502 2037 proderant.
534 1961 662 2023 Auxerat
680 1962 736 2021 hoc
751 1961 852 2022 malum
866 1964 1025 2041 principum
1039 1964 1197 2023 enuntiato

158 2042 314 2105 advertisti
338 2045 437 2106 oculos
458 2056 545 2124 atque
566 2056 674 2106 utente
697 2048 797 2107 castris
813 2048 851 2104 ita
865 2055 967 2123 postea
981 2064 1085 2125 pacem
1098 2047 1159 2106 loro

158 2126 319 2188 reddidisti:
335 2129 466 2190 excidisti
480 2133 642 2191 intestinum
656 2130 758 2189 malum
776 2138 805 2190 et
819 2129 937 2208 provida
948 2131 1105 2191 severitate
1117 2148 1160 2190 ca·

159 2213 225 2272 visti
242 2232 277 2272 ne
294 2213 407 2274 lundata
422 2214 535 2292 legibus
551 2217 650 2274 civitas
669 2232 770 2274 eversa
781 2214 895 2291 legibus
906 2213 1060 2274 videretur.
1083 2213 1162 2274 Licet

159 2314 230 2373 ergo
239 2316 303 2356 cum
315 2297 424 2357 fortuna
437 2308 494 2358 tum
507 2299 660 2359 liberalitas
668 2308 714 2358 tua
726 2298 843 2358 visenda
855 2298 938 2358 nobis
950 2298 1126 2377 praebuerit,
1133 2305 1164 2356 nt

42 2420 47 2429 .
158 2382 304 2459 praebuit,
324 2400 398 2441 nunc
412 2384 536 2458 ingentia
548 2383 651 2442 robora
664 2385 788 2442 virorum
807 2392 836 2442 et
850 2399 933 2460 pares
945 2384 1066 2458 animos,
1085 2382 1199 2441 nuncii

158 2466 346 2524 inmanitatem
358 2465 490 2542 ferarum,
500 2485 573 2524 nunc
586 2464 827 2525 mansuetudinem
839 2467 1018 2542 incognitam,
1024 2482 1100 2525 nunc
1114 2484 1163 2526 se·

159 2556 251 2606 cretas
263 2547 326 2606 illas
347 2558 376 2606 et
388 2566 503 2608 arcanas
523 2566 557 2606 ac
570 2550 623 2608 sub
635 2558 663 2607 te
678 2551 797 2626 primum
809 2567 972 2610 communes
986 2567 1075 2627 opes;
1092 2549 1163 2608 nibil

157 2629 452 2706 tamengratius,nihil
465 2630 582 2690 saeculo
596 2632 706 2709 dignius
720 2651 802 2711 quam
816 2633 891 2711 quod
905 2635 1024 2710 contigit
1035 2633 1164 2712 desuper

158 2715 260 2772 intueri
277 2711 433 2771 delatorum
445 2715 544 2790 supina
558 2731 607 2775 ora
617 2725 796 2795 retortasque
810 2719 949 2778 cervices.
971 2717 1162 2794 Agnosceba-

156 2815 218 2855 mus
235 2804 264 2855 et
275 2795 453 2874 fruebamur,
475 2815 538 2856 cum
549 2798 629 2860 velut
641 2801 800 2879 piaculares
815 2801 946 2878 publicae
958 2801 1199 2862 sollicitudinis30

156 2881 287 2939 victimae
306 2897 391 2958 supra
411 2884 576 2959 sanguinem
594 2887 741 2945 noxiorum
757 2885 791 2946 ad
803 2884 880 2944 lenta
892 2885 1034 2962 supplicia
1048 2887 1162 2963 gravio·

155 2982 261 3043 resque
276 2982 384 3043 poenas
397 2964 577 3027 ducerentur.
594 2966 733 3048 congesti
743 2979 807 3029 sunt
819 2971 846 3027 in
859 2971 970 3046 nauigia
982 2971 1086 3048 raptim
1093 2987 1163 3029 con·

157 3050 258 3126 quisita
270 3067 304 3109 ac
317 3053 533 3129 tempestatibus
547 3051 649 3112 dediti:
666 3054 786 3131 abirent,
801 3053 933 3129 fugerent
944 3063 1070 3113 vastatas
1084 3052 1163 3114 dela·

157 3135 279 3195 tionibus
291 3143 396 3204 terms3
414 3154 448 3196 ac
464 3138 488 3198 si
501 3150 585 3215 quem
598 3135 699 3198 {luctus
713 3156 746 3196 ac
759 3136 906 3215 procellae
922 3137 1052 3214 scopulis
1065 3156 1163 3198 reser-

155 3229 282 3297 vassent,
294 3219 341 3278 hic
353 3219 426 3281 nuda
438 3238 505 3280 saxa
518 3229 547 3280 et
560 3219 728 3300 inhospitale
742 3220 807 3279 litus
819 3219 976 3297 incoleret,
996 3231 1097 3299 ageret
1109 3220 1161 3279 du·
1170 3229 1203 3283 35

155 3321 213 3362 ram
228 3313 257 3363 et
268 3306 377 3364 anxiam
389 3306 490 3382 vitam,
510 3304 667 3382 relictaque
679 3313 746 3384 post
758 3314 867 3381 tergum
881 3307 967 3365 totius
980 3307 1097 3381 generis
1108 3304 1162 3363 hn-

106 3387 146 3450 35
157 3389 229 3444 mani
242 3390 394 3449 securitate
406 3398 555 3449 maereret.
576 3387 756 3449 Memoranda
771 3388 871 3466 iacies,
888 3387 1043 3448 delatorum
1057 3388 1161 3448 classis

157 3472 296 3548 permissa
308 3473 436 3534 omnibus
450 3475 543 3534 ventis
558 3482 713 3554 coactaque
725 3473 790 3534 vela
802 3473 1018 3552 tempestatibus
1031 3470 1161 3550 pandere
