<?xml version="1.0" encoding="UTF-8"?>
<!DOCTYPE html PUBLIC "-//W3C//DTD XHTML 1.0 Transitional//EN"
    "http://www.w3.org/TR/xhtml1/DTD/xhtml1-transitional.dtd">
<html xmlns="http://www.w3.org/1999/xhtml" xml:lang="en" lang="en">
 <head>
  <title>
</title>
<meta http-equiv="Content-Type" content="text/html;charset=utf-8" />
  <meta name='ocr-system' content='tesseract 3.04.00' />
  <meta name='ocr-capabilities' content='ocr_page ocr_carea ocr_par ocr_line ocrx_word'/>
</head>
<body>
  <div class='ocr_page' id='page_1' title='image "./cplinicaccilise00plingoog_0299.png"; bbox 0 0 2588 4116; ppageno 0'>
   <div class='ocr_carea' id='block_1_1' title="bbox 153 206 727 284">
    <p class='ocr_par' dir='ltr' id='par_1_1' title="bbox 153 206 727 284">
     <span class='ocr_line' id='line_1_1' title="bbox 153 206 727 284; baseline -0.01 -3"><span class='ocrx_word' id='word_1_1' title='bbox 153 221 216 284; x_wconf 73' lang='lat'>288</span> <span class='ocrx_word' id='word_1_2' title='bbox 582 215 616 277; x_wconf 80' lang='grc'>0.</span> <span class='ocrx_word' id='word_1_3' title='bbox 630 206 727 277; x_wconf 81' lang='lat' dir='ltr'>PllNl</span> 
     </span>
    </p>
   </div>
   <div class='ocr_carea' id='block_1_2' title="bbox 105 362 1195 3547">
    <p class='ocr_par' dir='ltr' id='par_1_2' title="bbox 155 362 1161 704">
     <span class='ocr_line' id='line_1_2' title="bbox 155 362 1159 450; baseline -0.01 -17"><span class='ocrx_word' id='word_1_4' title='bbox 155 374 309 450; x_wconf 81' lang='lat' dir='ltr'>indignum,</span> <span class='ocrx_word' id='word_1_5' title='bbox 325 371 350 431; x_wconf 89' lang='lat' dir='ltr'>si</span> <span class='ocrx_word' id='word_1_6' title='bbox 360 378 460 449; x_wconf 84' lang='lat' dir='ltr'>posset</span> <span class='ocrx_word' id='word_1_7' title='bbox 472 368 596 429; x_wconf 83' lang='lat' dir='ltr'>honores</span> <span class='ocrx_word' id='word_1_8' title='bbox 608 367 674 427; x_wconf 88' lang='lat' dir='ltr'>dare</span> <span class='ocrx_word' id='word_1_9' title='bbox 687 370 734 446; x_wconf 90' lang='lat' dir='ltr'>qui</span> <span class='ocrx_word' id='word_1_10' title='bbox 746 384 849 445; x_wconf 82' lang='lat' dir='ltr'>gerere</span> <span class='ocrx_word' id='word_1_11' title='bbox 861 382 919 425; x_wconf 93' lang='lat' dir='ltr'>non</span> <span class='ocrx_word' id='word_1_12' title='bbox 931 375 1046 443; x_wconf 89' lang='lat' dir='ltr'>posset.</span> <span class='ocrx_word' id='word_1_13' title='bbox 1063 362 1159 425; x_wconf 85' lang='lat' dir='ltr'>Factu-</span> 
     </span>
     <span class='ocr_line' id='line_1_3' title="bbox 155 449 1161 530; baseline -0.013 -11"><span class='ocrx_word' id='word_1_14' title='bbox 155 477 203 519; x_wconf 88' lang='lat' dir='ltr'>rus</span> <span class='ocrx_word' id='word_1_15' title='bbox 219 453 353 515; x_wconf 90' lang='lat' dir='ltr'>consules</span> <span class='ocrx_word' id='word_1_16' title='bbox 367 454 486 529; x_wconf 92' lang='lat' dir='ltr'>doceat,</span> <span class='ocrx_word' id='word_1_17' title='bbox 501 453 721 530; x_wconf 86' lang='lat' dir='ltr'>accepturisque</span> <span class='ocrx_word' id='word_1_18' title='bbox 733 449 936 528; x_wconf 86' lang='lat' dir='ltr'>amplissimum</span> <span class='ocrx_word' id='word_1_19' title='bbox 947 449 1089 509; x_wconf 87' lang='lat' dir='ltr'>honorem</span> <span class='ocrx_word' id='word_1_20' title='bbox 1100 465 1161 527; x_wconf 91' lang='lat' dir='ltr'>per-</span> 
     </span>
     <span class='ocr_line' id='line_1_4' title="bbox 156 532 1160 616; baseline -0.012 -14"><span class='ocrx_word' id='word_1_21' title='bbox 156 541 273 603; x_wconf 86' lang='lat' dir='ltr'>suadeat</span> <span class='ocrx_word' id='word_1_22' title='bbox 287 540 362 598; x_wconf 89' lang='lat' dir='ltr'>scire</span> <span class='ocrx_word' id='word_1_23' title='bbox 380 557 412 598; x_wconf 86' lang='lat' dir='ltr'>se</span> <span class='ocrx_word' id='word_1_24' title='bbox 430 536 497 616; x_wconf 95' lang='lat' dir='ltr'>quid</span> <span class='ocrx_word' id='word_1_25' title='bbox 512 537 549 596; x_wconf 88' lang='lat' dir='ltr'>sit</span> <span class='ocrx_word' id='word_1_26' title='bbox 564 535 641 614; x_wconf 91' lang='lat' dir='ltr'>quod</span> <span class='ocrx_word' id='word_1_27' title='bbox 657 535 746 594; x_wconf 89' lang='lat' dir='ltr'>dabit:</span> <span class='ocrx_word' id='word_1_28' title='bbox 769 537 810 593; x_wconf 86' lang='lat' dir='ltr'>sic</span> <span class='ocrx_word' id='word_1_29' title='bbox 828 535 904 594; x_wconf 90' lang='lat' dir='ltr'>litut</span> <span class='ocrx_word' id='word_1_30' title='bbox 920 532 960 592; x_wconf 93' lang='lat' dir='ltr'>illi</span> <span class='ocrx_word' id='word_1_31' title='bbox 978 550 1095 611; x_wconf 91' lang='lat' dir='ltr'>quoque</span> <span class='ocrx_word' id='word_1_32' title='bbox 1110 532 1160 592; x_wconf 87' lang='lat' dir='ltr'>sci·</span> 
     </span>
     <span class='ocr_line' id='line_1_5' title="bbox 156 623 1035 704; baseline -0.011 -17"><span class='ocrx_word' id='word_1_33' title='bbox 156 636 203 687; x_wconf 85' lang='lat' dir='ltr'>ant</span> <span class='ocrx_word' id='word_1_34' title='bbox 218 623 284 704; x_wconf 94' lang='lat' dir='ltr'>quid</span> <span class='ocrx_word' id='word_1_35' title='bbox 299 623 469 700; x_wconf 89' lang='lat' dir='ltr'>acceperint.</span> <span class='ocrx_word' id='word_1_36' title='bbox 1032 628 1035 632; x_wconf 85' lang='lat'>&#39;</span> 
     </span>
    </p>

    <p class='ocr_par' dir='ltr' id='par_1_3' title="bbox 105 699 1195 2206">
     <span class='ocr_line' id='line_1_6' title="bbox 105 699 1179 781; baseline -0.005 -15"><span class='ocrx_word' id='word_1_37' title='bbox 105 710 146 774; x_wconf 83' lang='grc'>78</span> <span class='ocrx_word' id='word_1_38' title='bbox 219 707 284 781; x_wconf 85' lang='lat' dir='ltr'>Quo</span> <span class='ocrx_word' id='word_1_39' title='bbox 305 707 405 766; x_wconf 90' lang='lat' dir='ltr'>iustius</span> <span class='ocrx_word' id='word_1_40' title='bbox 426 713 541 765; x_wconf 86' lang='lat' dir='ltr'>senatus</span> <span class='ocrx_word' id='word_1_41' title='bbox 558 712 589 763; x_wconf 89' lang='lat' dir='ltr'>ut</span> <span class='ocrx_word' id='word_1_42' title='bbox 611 702 778 780; x_wconf 81' lang='lat' dir='ltr'>susciperes</span> <span class='ocrx_word' id='word_1_43' title='bbox 794 709 923 779; x_wconf 89' lang='lat' dir='ltr'>quartum</span> <span class='ocrx_word' id='word_1_44' title='bbox 940 699 1118 759; x_wconf 85' lang='lat' dir='ltr'>consulatum</span> <span class='ocrx_word' id='word_1_45' title='bbox 1135 710 1179 761; x_wconf 78' lang='lat' dir='ltr'>ott</span> 
     </span>
     <span class='ocr_line' id='line_1_7' title="bbox 157 783 1160 869; baseline -0.01 -17"><span class='ocrx_word' id='word_1_46' title='bbox 157 793 268 869; x_wconf 86' lang='lat' dir='ltr'>rogavit</span> <span class='ocrx_word' id='word_1_47' title='bbox 289 799 318 849; x_wconf 89' lang='lat' dir='ltr'>et</span> <span class='ocrx_word' id='word_1_48' title='bbox 341 790 431 848; x_wconf 89' lang='lat' dir='ltr'>iussit.</span> <span class='ocrx_word' id='word_1_49' title='bbox 468 786 581 865; x_wconf 89' lang='lat' dir='ltr'>lmperii</span> <span class='ocrx_word' id='word_1_50' title='bbox 599 786 655 846; x_wconf 88' lang='lat' dir='ltr'>boc</span> <span class='ocrx_word' id='word_1_51' title='bbox 675 787 810 862; x_wconf 87' lang='lat' dir='ltr'>verbum,</span> <span class='ocrx_word' id='word_1_52' title='bbox 838 802 895 843; x_wconf 96' lang='lat' dir='ltr'>non</span> <span class='ocrx_word' id='word_1_53' title='bbox 911 783 1160 844; x_wconf 86' lang='lat' dir='ltr'>adulationis-esse</span> 
     </span>
     <span class='ocr_line' id='line_1_8' title="bbox 158 869 1159 952; baseline -0.011 -15"><span class='ocrx_word' id='word_1_54' title='bbox 158 876 298 952; x_wconf 89' lang='lat' dir='ltr'>obsequio</span> <span class='ocrx_word' id='word_1_55' title='bbox 314 880 362 931; x_wconf 93' lang='lat' dir='ltr'>tuo</span> <span class='ocrx_word' id='word_1_56' title='bbox 377 871 482 947; x_wconf 83' lang='lat' dir='ltr'>crede,</span> <span class='ocrx_word' id='word_1_57' title='bbox 499 870 574 947; x_wconf 94' lang='lat' dir='ltr'>quod</span> <span class='ocrx_word' id='word_1_58' title='bbox 585 889 641 931; x_wconf 92' lang='lat' dir='ltr'>non</span> <span class='ocrx_word' id='word_1_59' title='bbox 657 871 709 930; x_wconf 82' lang='lat' dir='ltr'>alia</span> <span class='ocrx_word' id='word_1_60' title='bbox 721 872 749 929; x_wconf 90' lang='lat' dir='ltr'>in</span> <span class='ocrx_word' id='word_1_61' title='bbox 761 887 793 928; x_wconf 88' lang='lat' dir='ltr'>re</span> <span class='ocrx_word' id='word_1_62' title='bbox 807 869 898 945; x_wconf 82' lang='lat' dir='ltr'>magis</span> <span class='ocrx_word' id='word_1_63' title='bbox 909 876 957 927; x_wconf 86' lang='lat' dir='ltr'>aut</span> <span class='ocrx_word' id='word_1_64' title='bbox 971 875 1089 928; x_wconf 85' lang='lat' dir='ltr'>senatus</span> <span class='ocrx_word' id='word_1_65' title='bbox 1105 869 1159 926; x_wconf 91' lang='lat' dir='ltr'>exi·</span> 
     </span>
     <span class='ocr_line' id='line_1_9' title="bbox 157 951 1159 1036; baseline -0.01 -18"><span class='ocrx_word' id='word_1_66' title='bbox 157 977 228 1036; x_wconf 81' lang='lat' dir='ltr'>gere</span> <span class='ocrx_word' id='word_1_67' title='bbox 250 976 265 1015; x_wconf 88' lang='grc' dir='ltr'>ι</span> <span class='ocrx_word' id='word_1_68' title='bbox 288 967 317 1015; x_wconf 91' lang='lat' dir='ltr'>te</span> <span class='ocrx_word' id='word_1_69' title='bbox 332 964 379 1014; x_wconf 87' lang='lat' dir='ltr'>aut</span> <span class='ocrx_word' id='word_1_70' title='bbox 392 964 421 1014; x_wconf 91' lang='lat' dir='ltr'>tu</span> <span class='ocrx_word' id='word_1_71' title='bbox 436 964 583 1033; x_wconf 86' lang='lat' dir='ltr'>praestare</span> <span class='ocrx_word' id='word_1_72' title='bbox 600 957 709 1014; x_wconf 89' lang='lat' dir='ltr'>senatui</span> <span class='ocrx_word' id='word_1_73' title='bbox 725 953 825 1013; x_wconf 87' lang='lat' dir='ltr'>debes.</span> <span class='ocrx_word' id='word_1_74' title='bbox 851 951 890 1011; x_wconf 92' lang='lat' dir='ltr'>Ut</span> <span class='ocrx_word' id='word_1_75' title='bbox 907 953 983 1010; x_wconf 88' lang='lat' dir='ltr'>enim</span> <span class='ocrx_word' id='word_1_76' title='bbox 1000 961 1159 1012; x_wconf 89' lang='lat' dir='ltr'>ceteromm</span> 
     </span>
     <span class='ocr_line' id='line_1_10' title="bbox 157 1034 1160 1116; baseline -0.008 -15"><span class='ocrx_word' id='word_1_77' title='bbox 157 1042 297 1101; x_wconf 89' lang='lat' dir='ltr'>hominurn</span> <span class='ocrx_word' id='word_1_78' title='bbox 310 1040 347 1097; x_wconf 88' lang='lat' dir='ltr'>ita</span> <span class='ocrx_word' id='word_1_79' title='bbox 363 1039 531 1116; x_wconf 79' lang='lat' dir='ltr'>principum,</span> <span class='ocrx_word' id='word_1_80' title='bbox 547 1037 659 1097; x_wconf 88' lang='lat' dir='ltr'>illorum</span> <span class='ocrx_word' id='word_1_81' title='bbox 675 1039 759 1097; x_wconf 90' lang='lat' dir='ltr'>etiam</span> <span class='ocrx_word' id='word_1_82' title='bbox 775 1037 822 1115; x_wconf 92' lang='lat' dir='ltr'>qui</span> <span class='ocrx_word' id='word_1_83' title='bbox 837 1034 874 1094; x_wconf 91' lang='lat' dir='ltr'>dii</span> <span class='ocrx_word' id='word_1_84' title='bbox 889 1037 944 1096; x_wconf 91' lang='lat' dir='ltr'>sibi</span> <span class='ocrx_word' id='word_1_85' title='bbox 957 1035 1102 1112; x_wconf 87' lang='lat' dir='ltr'>videntur,</span> <span class='ocrx_word' id='word_1_86' title='bbox 1118 1053 1160 1094; x_wconf 89' lang='lat' dir='ltr'>ae·</span> 
     </span>
     <span class='ocr_line' id='line_1_11' title="bbox 157 1120 1193 1199; baseline -0.003 -16"><span class='ocrx_word' id='word_1_87' title='bbox 157 1143 222 1184; x_wconf 90' lang='lat' dir='ltr'>vum</span> <span class='ocrx_word' id='word_1_88' title='bbox 232 1140 315 1182; x_wconf 89' lang='lat' dir='ltr'>omne</span> <span class='ocrx_word' id='word_1_89' title='bbox 327 1132 356 1182; x_wconf 90' lang='lat' dir='ltr'>et</span> <span class='ocrx_word' id='word_1_90' title='bbox 364 1122 452 1181; x_wconf 89' lang='lat' dir='ltr'>breve</span> <span class='ocrx_word' id='word_1_91' title='bbox 460 1130 488 1181; x_wconf 89' lang='lat' dir='ltr'>et</span> <span class='ocrx_word' id='word_1_92' title='bbox 496 1120 597 1198; x_wconf 81' lang='lat' dir='ltr'>fragile</span> <span class='ocrx_word' id='word_1_93' title='bbox 605 1132 657 1181; x_wconf 87' lang='lat' dir='ltr'>est.</span> <span class='ocrx_word' id='word_1_94' title='bbox 672 1121 771 1199; x_wconf 88' lang='lat' dir='ltr'>ltaque</span> <span class='ocrx_word' id='word_1_95' title='bbox 780 1120 915 1199; x_wconf 90' lang='lat' dir='ltr'>optimum</span> <span class='ocrx_word' id='word_1_96' title='bbox 923 1137 1069 1198; x_wconf 85' lang='lat' dir='ltr'>quemque</span> <span class='ocrx_word' id='word_1_97' title='bbox 1080 1120 1127 1177; x_wconf 93' lang='lat' dir='ltr'>niti</span> <span class='ocrx_word' id='word_1_98' title='bbox 1135 1128 1161 1178; x_wconf 90' lang='lat' dir='ltr'>et</span> <span class='ocrx_word' id='word_1_99' title='bbox 1169 1129 1193 1180; x_wconf 88' lang='lat' dir='ltr'>lt</span> 
     </span>
     <span class='ocr_line' id='line_1_12' title="bbox 159 1201 1160 1284; baseline -0.006 -17"><span class='ocrx_word' id='word_1_100' title='bbox 159 1205 333 1268; x_wconf 82' lang='lat' dir='ltr'>contendere</span> <span class='ocrx_word' id='word_1_101' title='bbox 343 1206 426 1266; x_wconf 88' lang='lat' dir='ltr'>decet</span> <span class='ocrx_word' id='word_1_102' title='bbox 435 1215 465 1265; x_wconf 93' lang='lat' dir='ltr'>ut</span> <span class='ocrx_word' id='word_1_103' title='bbox 474 1213 540 1282; x_wconf 92' lang='lat' dir='ltr'>post</span> <span class='ocrx_word' id='word_1_104' title='bbox 552 1223 585 1266; x_wconf 87' lang='lat' dir='ltr'>se</span> <span class='ocrx_word' id='word_1_105' title='bbox 595 1223 709 1283; x_wconf 92' lang='lat' dir='ltr'>quoque</span> <span class='ocrx_word' id='word_1_106' title='bbox 718 1206 761 1264; x_wconf 90' lang='lat' dir='ltr'>rei</span> <span class='ocrx_word' id='word_1_107' title='bbox 770 1202 902 1284; x_wconf 88' lang='lat' dir='ltr'>publicae</span> <span class='ocrx_word' id='word_1_108' title='bbox 916 1204 1020 1283; x_wconf 82' lang='lat' dir='ltr'>prosit,</span> <span class='ocrx_word' id='word_1_109' title='bbox 1037 1201 1160 1262; x_wconf 86' lang='lat' dir='ltr'>modera-</span> 
     </span>
     <span class='ocr_line' id='line_1_13' title="bbox 158 1286 1161 1368; baseline -0.007 -16"><span class='ocrx_word' id='word_1_110' title='bbox 158 1293 243 1352; x_wconf 86' lang='lat' dir='ltr'>tionis</span> <span class='ocrx_word' id='word_1_111' title='bbox 259 1291 371 1352; x_wconf 89' lang='lat' dir='ltr'>scilicet</span> <span class='ocrx_word' id='word_1_112' title='bbox 390 1291 570 1368; x_wconf 89' lang='lat' dir='ltr'>iustitiaeque</span> <span class='ocrx_word' id='word_1_113' title='bbox 587 1290 793 1365; x_wconf 79' lang='lat' dir='ltr'>monumentis,</span> <span class='ocrx_word' id='word_1_114' title='bbox 811 1305 882 1364; x_wconf 91' lang='lat' dir='ltr'>quac</span> <span class='ocrx_word' id='word_1_115' title='bbox 902 1286 1023 1364; x_wconf 89' lang='lat' dir='ltr'>plurima</span> <span class='ocrx_word' id='word_1_116' title='bbox 1039 1295 1161 1347; x_wconf 88' lang='lat' dir='ltr'>statuere</span> 
     </span>
     <span class='ocr_line' id='line_1_14' title="bbox 159 1370 1161 1454; baseline -0.007 -19"><span class='ocrx_word' id='word_1_117' title='bbox 159 1375 259 1436; x_wconf 90' lang='lat' dir='ltr'>consul</span> <span class='ocrx_word' id='word_1_118' title='bbox 271 1383 377 1454; x_wconf 90' lang='lat' dir='ltr'>potest.</span> <span class='ocrx_word' id='word_1_119' title='bbox 394 1373 472 1433; x_wconf 87' lang='lat' dir='ltr'>Haec</span> <span class='ocrx_word' id='word_1_120' title='bbox 485 1390 588 1452; x_wconf 88' lang='lat' dir='ltr'>nempe</span> <span class='ocrx_word' id='word_1_121' title='bbox 598 1374 716 1433; x_wconf 89' lang='lat' dir='ltr'>intentio</span> <span class='ocrx_word' id='word_1_122' title='bbox 729 1382 775 1432; x_wconf 90' lang='lat' dir='ltr'>tua</span> <span class='ocrx_word' id='word_1_123' title='bbox 787 1380 817 1430; x_wconf 93' lang='lat' dir='ltr'>ut</span> <span class='ocrx_word' id='word_1_124' title='bbox 825 1370 987 1430; x_wconf 85' lang='lat' dir='ltr'>libertatem</span> <span class='ocrx_word' id='word_1_125' title='bbox 995 1388 1122 1430; x_wconf 87' lang='lat' dir='ltr'>revoces</span> <span class='ocrx_word' id='word_1_126' title='bbox 1131 1388 1161 1429; x_wconf 90' lang='lat' dir='ltr'>ac</span> 
     </span>
     <span class='ocr_line' id='line_1_15' title="bbox 158 1454 1160 1534; baseline -0.006 -16"><span class='ocrx_word' id='word_1_127' title='bbox 158 1454 1160 1534; x_wconf 81' lang='lat' dir='ltr'>reducas.Qnemergohonoremmagisamare‚quodnomenusurpare</span> 
     </span>
     <span class='ocr_line' id='line_1_16' title="bbox 159 1534 1193 1622; baseline -0.008 -18"><span class='ocrx_word' id='word_1_128' title='bbox 159 1546 272 1622; x_wconf 87' lang='lat' dir='ltr'>saepius</span> <span class='ocrx_word' id='word_1_129' title='bbox 286 1541 375 1601; x_wconf 87' lang='lat' dir='ltr'>debes</span> <span class='ocrx_word' id='word_1_130' title='bbox 390 1559 472 1619; x_wconf 88' lang='lat' dir='ltr'>quam</span> <span class='ocrx_word' id='word_1_131' title='bbox 485 1539 560 1619; x_wconf 92' lang='lat' dir='ltr'>quod</span> <span class='ocrx_word' id='word_1_132' title='bbox 579 1542 697 1618; x_wconf 90' lang='lat' dir='ltr'>primum</span> <span class='ocrx_word' id='word_1_133' title='bbox 716 1540 821 1600; x_wconf 88' lang='lat' dir='ltr'>invenit</span> <span class='ocrx_word' id='word_1_134' title='bbox 838 1547 1009 1617; x_wconf 89' lang='lat' dir='ltr'>recuperata</span> <span class='ocrx_word' id='word_1_135' title='bbox 1025 1534 1193 1598; x_wconf 79' lang='lat' dir='ltr'>libertas‘llt</span> 
     </span>
     <span class='ocr_line' id='line_1_17' title="bbox 157 1618 1160 1703; baseline -0.007 -17"><span class='ocrx_word' id='word_1_136' title='bbox 157 1627 183 1686; x_wconf 92' lang='lat' dir='ltr'><strong>N</strong></span> <span class='ocrx_word' id='word_1_137' title='bbox 186 1635 274 1701; x_wconf 86' lang='lat' dir='ltr'>onest</span> <span class='ocrx_word' id='word_1_138' title='bbox 288 1626 378 1684; x_wconf 90' lang='lat' dir='ltr'>minus</span> <span class='ocrx_word' id='word_1_139' title='bbox 392 1622 476 1683; x_wconf 89' lang='lat' dir='ltr'>civile</span> <span class='ocrx_word' id='word_1_140' title='bbox 485 1635 513 1683; x_wconf 90' lang='lat' dir='ltr'>et</span> <span class='ocrx_word' id='word_1_141' title='bbox 524 1625 683 1703; x_wconf 91' lang='lat' dir='ltr'>prinoipem</span> <span class='ocrx_word' id='word_1_142' title='bbox 696 1624 875 1702; x_wconf 87' lang='lat' dir='ltr'>essepariter</span> <span class='ocrx_word' id='word_1_143' title='bbox 882 1631 911 1682; x_wconf 89' lang='lat' dir='ltr'>et</span> <span class='ocrx_word' id='word_1_144' title='bbox 922 1618 1073 1682; x_wconf 85' lang='lat' dir='ltr'>consulem</span> <span class='ocrx_word' id='word_1_145' title='bbox 1081 1639 1160 1700; x_wconf 82' lang='lat' dir='ltr'>quam</span> 
     </span>
     <span class='ocr_line' id='line_1_18' title="bbox 158 1704 1160 1783; baseline -0.006 -14"><span class='ocrx_word' id='word_1_146' title='bbox 158 1718 263 1771; x_wconf 89' lang='lat' dir='ltr'>tantum</span> <span class='ocrx_word' id='word_1_147' title='bbox 275 1707 431 1768; x_wconf 72' lang='lat' dir='ltr'>consulem,</span> <span class='ocrx_word' id='word_1_148' title='bbox 446 1704 540 1766; x_wconf 87' lang='lat' dir='ltr'>llabes</span> <span class='ocrx_word' id='word_1_149' title='bbox 551 1705 974 1768; x_wconf 86' lang='lat' dir='ltr'>etiamrationemverecundiae</span> <span class='ocrx_word' id='word_1_150' title='bbox 988 1706 1160 1783; x_wconf 82' lang='lat' dir='ltr'>collegarum</span> 
     </span>
     <span class='ocr_line' id='line_1_19' title="bbox 158 1789 1159 1869; baseline -0.002 -19"><span class='ocrx_word' id='word_1_151' title='bbox 158 1803 279 1867; x_wconf 88' lang='lat' dir='ltr'>tuorum,</span> <span class='ocrx_word' id='word_1_152' title='bbox 293 1790 468 1867; x_wconf 79' lang='lat' dir='ltr'>collegarum</span> <span class='ocrx_word' id='word_1_153' title='bbox 477 1792 603 1868; x_wconf 84' lang='lat' dir='ltr'>inquam:</span> <span class='ocrx_word' id='word_1_154' title='bbox 620 1793 657 1851; x_wconf 90' lang='lat' dir='ltr'>ita</span> <span class='ocrx_word' id='word_1_155' title='bbox 671 1793 745 1851; x_wconf 92' lang='lat' dir='ltr'>enim</span> <span class='ocrx_word' id='word_1_156' title='bbox 758 1800 785 1850; x_wconf 91' lang='lat' dir='ltr'>et</span> <span class='ocrx_word' id='word_1_157' title='bbox 797 1793 860 1869; x_wconf 88' lang='lat' dir='ltr'>ipse</span> <span class='ocrx_word' id='word_1_158' title='bbox 871 1790 1001 1868; x_wconf 89' lang='lat' dir='ltr'>loqueris</span> <span class='ocrx_word' id='word_1_159' title='bbox 1014 1799 1043 1850; x_wconf 89' lang='lat' dir='ltr'>et</span> <span class='ocrx_word' id='word_1_160' title='bbox 1056 1807 1107 1849; x_wconf 90' lang='lat' dir='ltr'>nos</span> <span class='ocrx_word' id='word_1_161' title='bbox 1119 1789 1159 1848; x_wconf 93' lang='lat' dir='ltr'>lo·</span> 
     </span>
     <span class='ocr_line' id='line_1_20' title="bbox 158 1872 1157 1953; baseline -0.001 -21"><span class='ocrx_word' id='word_1_162' title='bbox 158 1877 204 1953; x_wconf 91' lang='lat' dir='ltr'>qui</span> <span class='ocrx_word' id='word_1_163' title='bbox 218 1875 270 1933; x_wconf 86' lang='lat' dir='ltr'>vis.</span> <span class='ocrx_word' id='word_1_164' title='bbox 293 1872 421 1934; x_wconf 85' lang='lat' dir='ltr'>Onerosa</span> <span class='ocrx_word' id='word_1_165' title='bbox 435 1875 487 1932; x_wconf 90' lang='lat' dir='ltr'>erit</span> <span class='ocrx_word' id='word_1_166' title='bbox 499 1873 656 1934; x_wconf 76' lang='lat' dir='ltr'>modestiae</span> <span class='ocrx_word' id='word_1_167' title='bbox 669 1875 781 1935; x_wconf 90' lang='lat' dir='ltr'>illorum</span> <span class='ocrx_word' id='word_1_168' title='bbox 794 1877 870 1935; x_wconf 89' lang='lat' dir='ltr'>tertii</span> <span class='ocrx_word' id='word_1_169' title='bbox 884 1874 1048 1935; x_wconf 86' lang='lat' dir='ltr'>consulatus</span> <span class='ocrx_word' id='word_1_170' title='bbox 1060 1874 1101 1932; x_wconf 90' lang='lat' dir='ltr'>sui</span> <span class='ocrx_word' id='word_1_171' title='bbox 1113 1890 1157 1931; x_wconf 89' lang='lat' dir='ltr'>re·</span> 
     </span>
     <span class='ocr_line' id='line_1_21' title="bbox 157 1956 1195 2036; baseline -0.003 -18"><span class='ocrx_word' id='word_1_172' title='bbox 157 1957 296 2034; x_wconf 88' lang='lat' dir='ltr'>cordatio,</span> <span class='ocrx_word' id='word_1_173' title='bbox 310 1957 403 2017; x_wconf 91' lang='lat' dir='ltr'>donec</span> <span class='ocrx_word' id='word_1_174' title='bbox 412 1966 440 2016; x_wconf 88' lang='lat' dir='ltr'>te</span> <span class='ocrx_word' id='word_1_175' title='bbox 454 1960 571 2035; x_wconf 85' lang='lat' dir='ltr'>saepius</span> <span class='ocrx_word' id='word_1_176' title='bbox 584 1959 856 2020; x_wconf 85' lang='lat' dir='ltr'>consulemvideant.</span> <span class='ocrx_word' id='word_1_177' title='bbox 868 1956 970 2036; x_wconf 85' lang='lat' dir='ltr'>Neque</span> <span class='ocrx_word' id='word_1_178' title='bbox 981 1960 1056 2018; x_wconf 90' lang='lat' dir='ltr'>enim</span> <span class='ocrx_word' id='word_1_179' title='bbox 1064 1964 1157 2036; x_wconf 90' lang='lat' dir='ltr'>potest</span> <span class='ocrx_word' id='word_1_180' title='bbox 1166 1963 1195 2015; x_wconf 78' lang='grc' dir='ltr'>ιο</span> 
     </span>
     <span class='ocr_line' id='line_1_22' title="bbox 156 2039 1158 2124; baseline -0.004 -22"><span class='ocrx_word' id='word_1_181' title='bbox 156 2060 212 2102; x_wconf 91' lang='lat' dir='ltr'>non</span> <span class='ocrx_word' id='word_1_182' title='bbox 225 2044 337 2101; x_wconf 90' lang='lat' dir='ltr'>nimium</span> <span class='ocrx_word' id='word_1_183' title='bbox 348 2061 414 2103; x_wconf 90' lang='lat' dir='ltr'>esse</span> <span class='ocrx_word' id='word_1_184' title='bbox 431 2043 546 2120; x_wconf 85' lang='lat' dir='ltr'>privatis</span> <span class='ocrx_word' id='word_1_185' title='bbox 563 2042 637 2120; x_wconf 94' lang='lat' dir='ltr'>quod</span> <span class='ocrx_word' id='word_1_186' title='bbox 653 2045 774 2124; x_wconf 83' lang='lat' dir='ltr'>principi</span> <span class='ocrx_word' id='word_1_187' title='bbox 789 2045 856 2104; x_wconf 86' lang='lat' dir='ltr'>satis</span> <span class='ocrx_word' id='word_1_188' title='bbox 873 2052 927 2103; x_wconf 90' lang='lat' dir='ltr'>est.</span> <span class='ocrx_word' id='word_1_189' title='bbox 944 2041 1074 2119; x_wconf 81' lang='lat' dir='ltr'>Adnuas,</span> <span class='ocrx_word' id='word_1_190' title='bbox 1090 2039 1158 2100; x_wconf 84' lang='lat' dir='ltr'>Cae·</span> 
     </span>
     <span class='ocr_line' id='line_1_23' title="bbox 157 2126 1159 2206; baseline -0.007 -19"><span class='ocrx_word' id='word_1_191' title='bbox 157 2145 213 2204; x_wconf 85' lang='lat' dir='ltr'>sar,</span> <span class='ocrx_word' id='word_1_192' title='bbox 228 2127 401 2206; x_wconf 87' lang='lat' dir='ltr'>optantibus,</span> <span class='ocrx_word' id='word_1_193' title='bbox 415 2127 575 2204; x_wconf 88' lang='lat' dir='ltr'>quibusque</span> <span class='ocrx_word' id='word_1_194' title='bbox 584 2128 658 2206; x_wconf 88' lang='lat' dir='ltr'>apud</span> <span class='ocrx_word' id='word_1_195' title='bbox 672 2129 743 2187; x_wconf 89' lang='lat' dir='ltr'>deos</span> <span class='ocrx_word' id='word_1_196' title='bbox 754 2126 857 2187; x_wconf 87' lang='lat' dir='ltr'>adesse</span> <span class='ocrx_word' id='word_1_197' title='bbox 871 2129 1028 2201; x_wconf 84' lang='lat' dir='ltr'>consuesti,</span> <span class='ocrx_word' id='word_1_198' title='bbox 1044 2141 1159 2204; x_wconf 92' lang='lat' dir='ltr'>quorum</span> 
     </span>
    </p>

    <p class='ocr_par' dir='ltr' id='par_1_4' title="bbox 106 2209 1194 3547">
     <span class='ocr_line' id='line_1_24' title="bbox 106 2209 1157 2290; baseline -0.002 -21"><span class='ocrx_word' id='word_1_199' title='bbox 106 2215 146 2278; x_wconf 85' lang='lat'>79</span> <span class='ocrx_word' id='word_1_200' title='bbox 158 2220 242 2290; x_wconf 90' lang='lat' dir='ltr'>potes</span> <span class='ocrx_word' id='word_1_201' title='bbox 257 2213 320 2290; x_wconf 90' lang='lat' dir='ltr'>ipse</span> <span class='ocrx_word' id='word_1_202' title='bbox 337 2220 466 2270; x_wconf 90' lang='lat' dir='ltr'>votorum</span> <span class='ocrx_word' id='word_1_203' title='bbox 479 2220 618 2290; x_wconf 90' lang='lat' dir='ltr'>conpotes</span> <span class='ocrx_word' id='word_1_204' title='bbox 635 2211 732 2271; x_wconf 83' lang='lat' dir='ltr'>iacias.</span> <span class='ocrx_word' id='word_1_205' title='bbox 757 2209 818 2270; x_wconf 87' lang='lat' dir='ltr'>Tibi</span> <span class='ocrx_word' id='word_1_206' title='bbox 831 2209 954 2271; x_wconf 81' lang='lat' dir='ltr'>fortasse</span> <span class='ocrx_word' id='word_1_207' title='bbox 968 2210 1091 2270; x_wconf 90' lang='lat' dir='ltr'>sulliciat</span> <span class='ocrx_word' id='word_1_208' title='bbox 1106 2218 1157 2269; x_wconf 93' lang='lat' dir='ltr'>ter·</span> 
     </span>
     <span class='ocr_line' id='line_1_25' title="bbox 156 2293 1159 2356; baseline -0.003 -2"><span class='ocrx_word' id='word_1_209' title='bbox 156 2297 211 2354; x_wconf 90' lang='lat' dir='ltr'>tius</span> <span class='ocrx_word' id='word_1_210' title='bbox 233 2295 412 2356; x_wconf 88' lang='lat' dir='ltr'>consulatus:</span> <span class='ocrx_word' id='word_1_211' title='bbox 439 2294 491 2353; x_wconf 91' lang='lat' dir='ltr'>sed</span> <span class='ocrx_word' id='word_1_212' title='bbox 511 2295 593 2354; x_wconf 88' lang='lat' dir='ltr'>nobis</span> <span class='ocrx_word' id='word_1_213' title='bbox 609 2297 791 2355; x_wconf 89' lang='lat' dir='ltr'>tantominus</span> <span class='ocrx_word' id='word_1_214' title='bbox 807 2294 923 2355; x_wconf 82' lang='lat' dir='ltr'>suflicit.</span> <span class='ocrx_word' id='word_1_215' title='bbox 942 2293 996 2354; x_wconf 93' lang='lat' dir='ltr'>llle</span> <span class='ocrx_word' id='word_1_216' title='bbox 1012 2312 1067 2354; x_wconf 91' lang='lat' dir='ltr'>nos</span> <span class='ocrx_word' id='word_1_217' title='bbox 1083 2294 1159 2353; x_wconf 88' lang='lat' dir='ltr'>insti·</span> 
     </span>
     <span class='ocr_line' id='line_1_26' title="bbox 157 2377 1194 2456; baseline -0.003 -19"><span class='ocrx_word' id='word_1_218' title='bbox 157 2381 207 2437; x_wconf 90' lang='lat' dir='ltr'>tuit</span> <span class='ocrx_word' id='word_1_219' title='bbox 229 2389 258 2438; x_wconf 88' lang='lat' dir='ltr'>et</span> <span class='ocrx_word' id='word_1_220' title='bbox 272 2379 378 2439; x_wconf 86' lang='lat' dir='ltr'>induxit</span> <span class='ocrx_word' id='word_1_221' title='bbox 392 2387 422 2436; x_wconf 92' lang='lat' dir='ltr'>ut</span> <span class='ocrx_word' id='word_1_222' title='bbox 440 2386 469 2437; x_wconf 92' lang='lat' dir='ltr'>te</span> <span class='ocrx_word' id='word_1_223' title='bbox 488 2381 589 2438; x_wconf 91' lang='lat' dir='ltr'>iterum</span> <span class='ocrx_word' id='word_1_224' title='bbox 604 2381 761 2456; x_wconf 87' lang='lat' dir='ltr'>iterumque</span> <span class='ocrx_word' id='word_1_225' title='bbox 778 2377 925 2438; x_wconf 88' lang='lat' dir='ltr'>consulem</span> <span class='ocrx_word' id='word_1_226' title='bbox 942 2377 1049 2437; x_wconf 88' lang='lat' dir='ltr'>habere</span> <span class='ocrx_word' id='word_1_227' title='bbox 1065 2378 1194 2455; x_wconf 74' lang='lat' dir='ltr'>cupis-it</span> 
     </span>
     <span class='ocr_line' id='line_1_27' title="bbox 156 2461 1160 2540; baseline -0.002 -20"><span class='ocrx_word' id='word_1_228' title='bbox 156 2481 228 2522; x_wconf 89' lang='lat' dir='ltr'>mus.</span> <span class='ocrx_word' id='word_1_229' title='bbox 257 2462 417 2522; x_wconf 87' lang='lat' dir='ltr'>Remissius</span> <span class='ocrx_word' id='word_1_230' title='bbox 433 2461 509 2521; x_wconf 92' lang='lat' dir='ltr'>istud</span> <span class='ocrx_word' id='word_1_231' title='bbox 526 2461 779 2540; x_wconf 88' lang='lat' dir='ltr'>contenderemus,</span> <span class='ocrx_word' id='word_1_232' title='bbox 803 2465 826 2522; x_wconf 89' lang='lat' dir='ltr'>si</span> <span class='ocrx_word' id='word_1_233' title='bbox 841 2461 933 2522; x_wconf 88' lang='lat' dir='ltr'>adhuc</span> <span class='ocrx_word' id='word_1_234' title='bbox 950 2479 1006 2521; x_wconf 95' lang='lat' dir='ltr'>non</span> <span class='ocrx_word' id='word_1_235' title='bbox 1021 2462 1160 2522; x_wconf 88' lang='lat' dir='ltr'>sciremus</span> 
     </span>
     <span class='ocr_line' id='line_1_28' title="bbox 157 2542 1159 2624; baseline 0.002 -23"><span class='ocrx_word' id='word_1_236' title='bbox 157 2542 246 2620; x_wconf 84' lang='lat' dir='ltr'>qualis</span> <span class='ocrx_word' id='word_1_237' title='bbox 262 2563 345 2606; x_wconf 90' lang='lat' dir='ltr'>esses</span> <span class='ocrx_word' id='word_1_238' title='bbox 363 2546 481 2603; x_wconf 83' lang='lat' dir='ltr'>iuturus.</span> <span class='ocrx_word' id='word_1_239' title='bbox 511 2544 699 2621; x_wconf 84' lang='lat' dir='ltr'>Tolerabilius</span> <span class='ocrx_word' id='word_1_240' title='bbox 715 2546 767 2605; x_wconf 88' lang='lat' dir='ltr'>luit</span> <span class='ocrx_word' id='word_1_241' title='bbox 783 2547 1009 2624; x_wconf 85' lang='lat' dir='ltr'>experimentum</span> <span class='ocrx_word' id='word_1_242' title='bbox 1021 2546 1061 2604; x_wconf 91' lang='lat' dir='ltr'>tui</span> <span class='ocrx_word' id='word_1_243' title='bbox 1077 2545 1159 2603; x_wconf 88' lang='lat' dir='ltr'>nobis</span> 
     </span>
     <span class='ocr_line' id='line_1_29' title="bbox 156 2624 1159 2704; baseline 0.001 -21"><span class='ocrx_word' id='word_1_244' title='bbox 156 2643 239 2704; x_wconf 85' lang='lat' dir='ltr'>quam</span> <span class='ocrx_word' id='word_1_245' title='bbox 257 2645 338 2684; x_wconf 89' lang='lat' dir='ltr'>usum</span> <span class='ocrx_word' id='word_1_246' title='bbox 358 2628 465 2702; x_wconf 84' lang='lat' dir='ltr'>negari.</span> <span class='ocrx_word' id='word_1_247' title='bbox 499 2626 654 2687; x_wconf 86' lang='lat' dir='ltr'>Dabitume</span> <span class='ocrx_word' id='word_1_248' title='bbox 669 2647 766 2688; x_wconf 88' lang='lat' dir='ltr'>rursus</span> <span class='ocrx_word' id='word_1_249' title='bbox 782 2630 880 2689; x_wconf 91' lang='lat' dir='ltr'>videre</span> <span class='ocrx_word' id='word_1_250' title='bbox 895 2628 1044 2690; x_wconf 88' lang='lat' dir='ltr'>consulem</span> <span class='ocrx_word' id='word_1_251' title='bbox 1058 2624 1159 2688; x_wconf 77' lang='lat' dir='ltr'>illum?</span> 
     </span>
     <span class='ocr_line' id='line_1_30' title="bbox 154 2708 1159 2792; baseline 0.001 -25"><span class='ocrx_word' id='word_1_252' title='bbox 154 2708 275 2784; x_wconf 81' lang='lat' dir='ltr'>Audiet,</span> <span class='ocrx_word' id='word_1_253' title='bbox 303 2709 404 2768; x_wconf 89' lang='lat' dir='ltr'>reddet</span> <span class='ocrx_word' id='word_1_254' title='bbox 425 2727 496 2787; x_wconf 89' lang='lat' dir='ltr'>quas</span> <span class='ocrx_word' id='word_1_255' title='bbox 517 2713 645 2787; x_wconf 85' lang='lat' dir='ltr'>proxime</span> <span class='ocrx_word' id='word_1_256' title='bbox 665 2731 771 2790; x_wconf 89' lang='lat' dir='ltr'>voces,</span> <span class='ocrx_word' id='word_1_257' title='bbox 798 2713 1011 2792; x_wconf 82' lang='lat' dir='ltr'>praestabitque</span> <span class='ocrx_word' id='word_1_258' title='bbox 1028 2712 1159 2790; x_wconf 82' lang='lat' dir='ltr'>gaudium</span> 
     </span>
     <span class='ocr_line' id='line_1_31' title="bbox 155 2791 1193 2875; baseline 0.004 -24"><span class='ocrx_word' id='word_1_259' title='bbox 155 2801 286 2871; x_wconf 89' lang='lat' dir='ltr'>quantum</span> <span class='ocrx_word' id='word_1_260' title='bbox 301 2794 365 2868; x_wconf 90' lang='lat' dir='ltr'>ipse</span> <span class='ocrx_word' id='word_1_261' title='bbox 381 2791 735 2870; x_wconf 77' lang='lat' dir='ltr'>percipiet?·Praesidebit</span> <span class='ocrx_word' id='word_1_262' title='bbox 751 2796 875 2856; x_wconf 85' lang='lat' dir='ltr'>laetitiae</span> <span class='ocrx_word' id='word_1_263' title='bbox 894 2796 1045 2875; x_wconf 83' lang='lat' dir='ltr'>publicae,</span> <span class='ocrx_word' id='word_1_264' title='bbox 1061 2801 1193 2856; x_wconf 70' lang='lat' dir='ltr'>auctorit</span> 
     </span>
     <span class='ocr_line' id='line_1_32' title="bbox 155 2877 1157 2958; baseline 0.005 -24"><span class='ocrx_word' id='word_1_265' title='bbox 155 2878 216 2936; x_wconf 90' lang='lat' dir='ltr'>eius</span> <span class='ocrx_word' id='word_1_266' title='bbox 227 2884 359 2950; x_wconf 88' lang='lat' dir='ltr'>etcausa‚</span> <span class='ocrx_word' id='word_1_267' title='bbox 374 2877 852 2958; x_wconf 83' lang='lat' dir='ltr'>temptabitqueadiectusnostros,</span> <span class='ocrx_word' id='word_1_268' title='bbox 867 2890 897 2940; x_wconf 90' lang='lat' dir='ltr'>ut</span> <span class='ocrx_word' id='word_1_269' title='bbox 907 2881 993 2957; x_wconf 88' lang='lat' dir='ltr'>solet,</span> <span class='ocrx_word' id='word_1_270' title='bbox 1008 2880 1157 2953; x_wconf 85' lang='lat' dir='ltr'>cohibere,</span> 
     </span>
     <span class='ocr_line' id='line_1_33' title="bbox 154 2957 1158 3042; baseline 0.005 -24"><span class='ocrx_word' id='word_1_271' title='bbox 154 2978 209 3019; x_wconf 94' lang='lat' dir='ltr'>nec</span> <span class='ocrx_word' id='word_1_272' title='bbox 224 2957 349 3039; x_wconf 76' lang='lat' dir='ltr'>poterit?</span> <span class='ocrx_word' id='word_1_273' title='bbox 372 2963 469 3039; x_wconf 87' lang='lat' dir='ltr'>pietati</span> <span class='ocrx_word' id='word_1_274' title='bbox 485 2973 599 3024; x_wconf 90' lang='lat' dir='ltr'>senatus</span> <span class='ocrx_word' id='word_1_275' title='bbox 616 2982 680 3024; x_wconf 90' lang='lat' dir='ltr'>cum</span> <span class='ocrx_word' id='word_1_276' title='bbox 696 2964 834 3026; x_wconf 91' lang='lat' dir='ltr'>modestia</span> <span class='ocrx_word' id='word_1_277' title='bbox 851 2966 988 3042; x_wconf 88' lang='lat' dir='ltr'>principis</span> <span class='ocrx_word' id='word_1_278' title='bbox 1003 2963 1077 3024; x_wconf 84' lang='lat' dir='ltr'>felix</span> <span class='ocrx_word' id='word_1_279' title='bbox 1093 2983 1158 3042; x_wconf 88' lang='lat' dir='ltr'>spe·</span> 
     </span>
     <span class='ocr_line' id='line_1_34' title="bbox 156 3046 1158 3127; baseline 0.003 -24"><span class='ocrx_word' id='word_1_280' title='bbox 156 3046 321 3122; x_wconf 89' lang='lat' dir='ltr'>ciosumque</span> <span class='ocrx_word' id='word_1_281' title='bbox 338 3055 497 3123; x_wconf 87' lang='lat' dir='ltr'>certamen,</span> <span class='ocrx_word' id='word_1_282' title='bbox 515 3066 566 3106; x_wconf 87' lang='lat' dir='ltr'>seu</span> <span class='ocrx_word' id='word_1_283' title='bbox 579 3048 663 3108; x_wconf 86' lang='lat' dir='ltr'>luerit</span> <span class='ocrx_word' id='word_1_284' title='bbox 674 3051 748 3109; x_wconf 89' lang='lat' dir='ltr'>victa</span> <span class='ocrx_word' id='word_1_285' title='bbox 760 3068 812 3109; x_wconf 90' lang='lat' dir='ltr'>seu</span> <span class='ocrx_word' id='word_1_286' title='bbox 827 3051 937 3109; x_wconf 89' lang='lat' dir='ltr'>vicerit.</span> <span class='ocrx_word' id='word_1_287' title='bbox 960 3047 1104 3127; x_wconf 84' lang='lat' dir='ltr'>Equidem</span> <span class='ocrx_word' id='word_1_288' title='bbox 1120 3051 1158 3107; x_wconf 93' lang='lat' dir='ltr'>in·</span> 
     </span>
     <span class='ocr_line' id='line_1_35' title="bbox 155 3129 1156 3211; baseline 0.003 -23"><span class='ocrx_word' id='word_1_289' title='bbox 155 3132 295 3208; x_wconf 82' lang='lat' dir='ltr'>cognitam</span> <span class='ocrx_word' id='word_1_290' title='bbox 317 3129 453 3208; x_wconf 90' lang='lat' dir='ltr'>quandam</span> <span class='ocrx_word' id='word_1_291' title='bbox 474 3133 660 3210; x_wconf 88' lang='lat' dir='ltr'>proximaque</span> <span class='ocrx_word' id='word_1_292' title='bbox 681 3135 816 3200; x_wconf 88' lang='lat' dir='ltr'>maiorem</span> <span class='ocrx_word' id='word_1_293' title='bbox 838 3148 988 3211; x_wconf 88' lang='lat' dir='ltr'>praesumo</span> <span class='ocrx_word' id='word_1_294' title='bbox 1013 3132 1156 3192; x_wconf 87' lang='lat' dir='ltr'>laetitiam.</span> 
     </span>
     <span class='ocr_line' id='line_1_36' title="bbox 154 3212 1194 3296; baseline 0.007 -24"><span class='ocrx_word' id='word_1_295' title='bbox 154 3212 224 3285; x_wconf 83' lang='lat' dir='ltr'>Quis</span> <span class='ocrx_word' id='word_1_296' title='bbox 242 3216 314 3274; x_wconf 91' lang='lat' dir='ltr'>enim</span> <span class='ocrx_word' id='word_1_297' title='bbox 331 3224 376 3274; x_wconf 88' lang='lat' dir='ltr'>est</span> <span class='ocrx_word' id='word_1_298' title='bbox 392 3224 447 3273; x_wconf 82' lang='lat' dir='ltr'>tam</span> <span class='ocrx_word' id='word_1_299' title='bbox 462 3215 596 3274; x_wconf 88' lang='lat' dir='ltr'>inbecillo</span> <span class='ocrx_word' id='word_1_300' title='bbox 618 3219 748 3293; x_wconf 84' lang='lat' dir='ltr'>ingenio,</span> <span class='ocrx_word' id='word_1_301' title='bbox 775 3219 822 3296; x_wconf 92' lang='lat' dir='ltr'>qui</span> <span class='ocrx_word' id='word_1_302' title='bbox 844 3235 900 3276; x_wconf 93' lang='lat' dir='ltr'>non</span> <span class='ocrx_word' id='word_1_303' title='bbox 915 3225 992 3276; x_wconf 90' lang='lat' dir='ltr'>tanto</span> <span class='ocrx_word' id='word_1_304' title='bbox 1009 3215 1194 3279; x_wconf 76' lang='lat' dir='ltr'>melioremac</span> 
     </span>
     <span class='ocr_line' id='line_1_37' title="bbox 154 3296 1157 3378; baseline 0.004 -23"><span class='ocrx_word' id='word_1_305' title='bbox 154 3296 301 3356; x_wconf 90' lang='lat' dir='ltr'>consulem</span> <span class='ocrx_word' id='word_1_306' title='bbox 316 3307 414 3377; x_wconf 89' lang='lat' dir='ltr'>speret</span> <span class='ocrx_word' id='word_1_307' title='bbox 429 3308 532 3375; x_wconf 87' lang='lat' dir='ltr'>quanto</span> <span class='ocrx_word' id='word_1_308' title='bbox 549 3302 663 3378; x_wconf 87' lang='lat' dir='ltr'>saepius</span> <span class='ocrx_word' id='word_1_309' title='bbox 679 3298 785 3361; x_wconf 83' lang='lat' dir='ltr'>inerit?</span> <span class='ocrx_word' id='word_1_310' title='bbox 805 3301 886 3360; x_wconf 86' lang='lat' dir='ltr'>Alius</span> <span class='ocrx_word' id='word_1_311' title='bbox 903 3300 1035 3376; x_wconf 85' lang='lat' dir='ltr'>labores,</span> <span class='ocrx_word' id='word_1_312' title='bbox 1060 3303 1084 3358; x_wconf 88' lang='lat' dir='ltr'>si</span> <span class='ocrx_word' id='word_1_313' title='bbox 1101 3320 1157 3362; x_wconf 93' lang='lat' dir='ltr'>non</span> 
     </span>
     <span class='ocr_line' id='line_1_38' title="bbox 153 3380 1157 3462; baseline 0.008 -26"><span class='ocrx_word' id='word_1_314' title='bbox 153 3383 286 3439; x_wconf 90' lang='lat' dir='ltr'>continuo</span> <span class='ocrx_word' id='word_1_315' title='bbox 299 3400 332 3440; x_wconf 88' lang='lat' dir='ltr'>se</span> <span class='ocrx_word' id='word_1_316' title='bbox 346 3380 470 3440; x_wconf 86' lang='lat' dir='ltr'>desidiae</span> <span class='ocrx_word' id='word_1_317' title='bbox 485 3400 518 3440; x_wconf 89' lang='lat' dir='ltr'>ac</span> <span class='ocrx_word' id='word_1_318' title='bbox 530 3381 667 3461; x_wconf 77' lang='lat' dir='ltr'>voluptati</span> <span class='ocrx_word' id='word_1_319' title='bbox 681 3383 819 3462; x_wconf 87' lang='lat' dir='ltr'>dedisset,</span> <span class='ocrx_word' id='word_1_320' title='bbox 837 3387 895 3444; x_wconf 92' lang='lat' dir='ltr'>otio</span> <span class='ocrx_word' id='word_1_321' title='bbox 910 3394 1003 3444; x_wconf 88' lang='lat' dir='ltr'>tamen</span> <span class='ocrx_word' id='word_1_322' title='bbox 1020 3394 1049 3444; x_wconf 91' lang='lat' dir='ltr'>et</span> <span class='ocrx_word' id='word_1_323' title='bbox 1060 3387 1157 3462; x_wconf 91' lang='lat' dir='ltr'>quiete</span> 
     </span>
     <span class='ocr_line' id='line_1_39' title="bbox 152 3463 1156 3547; baseline 0.01 -28"><span class='ocrx_word' id='word_1_324' title='bbox 152 3471 327 3522; x_wconf 89' lang='lat' dir='ltr'>recreasset:</span> <span class='ocrx_word' id='word_1_325' title='bbox 351 3463 396 3521; x_wconf 90' lang='lat' dir='ltr'>hic</span> <span class='ocrx_word' id='word_1_326' title='bbox 419 3465 615 3527; x_wconf 89' lang='lat' dir='ltr'>consularibus</span> <span class='ocrx_word' id='word_1_327' title='bbox 639 3470 712 3527; x_wconf 91' lang='lat' dir='ltr'>curis</span> <span class='ocrx_word' id='word_1_328' title='bbox 728 3469 893 3545; x_wconf 88' lang='lat' dir='ltr'>exsolutus,</span> <span class='ocrx_word' id='word_1_329' title='bbox 922 3469 1096 3547; x_wconf 86' lang='lat' dir='ltr'>principales</span> <span class='ocrx_word' id='word_1_330' title='bbox 1111 3486 1156 3528; x_wconf 90' lang='lat' dir='ltr'>re·</span> 
     </span>
    </p>
   </div>
   <div class='ocr_carea' id='block_1_3' title="bbox 0 0 1298 4116">
    <p class='ocr_par' dir='ltr' id='par_1_5' title="bbox 0 0 1298 4116">
     <span class='ocr_line' id='line_1_40' title="bbox 0 0 1298 4116; baseline 0 0"><span class='ocrx_word' id='word_1_331' title='bbox 0 0 1298 4116; x_wconf 95' lang='lat' dir='ltr'> </span> 
     </span>
    </p>
   </div>
  </div>
 </body>
</html>
