2588 4116
43 241 59 273 x
460 221 692 272 PulEFn'rlo.

45 389 109 444 enim
115 385 145 440 ab
153 381 342 454 interpolationis
347 380 479 449 suspitione
488 379 534 433 bos
540 379 614 433 libros
626 378 684 432 olim
696 378 959 444 defenderevolebam)‚
974 377 1064 433 habeut
1072 385 1108 434 ta·

44 487 99 527 men
107 464 406 541 quaosuamsibilidemab
413 463 561 532 interpolatis
568 463 664 517 illomm
669 461 978 533 scripturisvindioentqua
987 464 1043 517 inre
1050 478 1110 517 con-

45 555 177 611 sentientes
188 567 245 606 cum
255 551 368 605 alterutra
379 557 448 617 parte
459 554 569 601 recentes
582 552 638 601 octo
650 545 765 600 libromm
777 545 872 600 codices
891 546 995 616 aliquam
1011 547 1061 600 vim
1079 548 1109 601 ad

46 639 162 695 iudicium
172 635 307 706 regendum
316 632 405 686 babere
416 632 527 701 cognovi.
543 632 560 685 ii
571 631 642 694 enim,
653 638 681 684 ut
690 629 797 684 medium
807 629 869 683 inter
878 636 1006 701 utromque
1016 638 1110 684 sectam

45 725 128 779 locum
135 725 225 784 tenent,
237 719 269 772 ita
279 718 426 786 plerumque,
437 716 458 769 si
468 730 529 785 quae
538 714 720 784 interpolatione
730 715 754 767 in
765 714 877 768 alterutra
883 712 999 778 laborant,
1013 728 1069 768 curn
1081 730 1109 768 ea

47 822 108 879 quae
118 807 238 875 integram
248 802 390 870 scripturam
401 800 503 853 servavit
514 799 618 861 iaciunt;
641 813 716 869 eaque
732 798 783 867 ipsa
792 812 830 851 res
842 797 986 852 documento
999 813 1054 852 esse
1064 814 1109 868 po-

46 898 96 945 test
109 889 182 942 etiam
192 886 217 939 in
229 884 400 954 posterioribus
411 882 491 947 libris¹
505 884 529 936 in
539 882 625 954 quibus
636 889 731 952 praeter
741 881 875 937 Mediceum
885 881 931 936 soli
942 889 1053 937 recentes
1067 898 1109 937 co-

48 974 113 1028 dices
124 970 201 1025 relicti
215 975 285 1031 sunt,
297 968 418 1022 interdum
429 968 470 1021 illo
482 973 562 1036 spreto
572 966 617 1021 hos
627 967 734 1037 quamvis
748 967 825 1021 multo
834 966 995 1034 corruptiores
1006 982 1110 1037 sequen-

48 1057 92 1111 dos
114 1070 175 1108 esse.
207 1065 285 1122 neque
304 1051 456 1122 neglegenda
467 1051 491 1104 in
501 1050 547 1105 lrac
559 1057 624 1104 certe
641 1050 796 1119 epistularum
807 1056 874 1119 parte
885 1049 970 1104 Aldina
981 1050 1062 1104 editio.
1084 1051 1110 1104 in

48 1155 95 1210 qua
104 1153 160 1192 cum
168 1135 244 1190 multa
256 1150 317 1205 quae
329 1141 384 1189 ante
395 1150 425 1189 eu
441 1135 578 1188 recentibus
589 1134 712 1188 codicibus
728 1133 907 1202 corruptissime
917 1148 1030 1202 expressa
1040 1134 1109 1205 lege-

47 1223 135 1276 bantur
150 1221 255 1289 primum
271 1218 305 1272 ita
323 1225 350 1272 ut
366 1225 450 1288 postea
467 1219 490 1272 lu
502 1218 608 1273 Mediceo
627 1217 710 1272 codice
721 1217 816 1270 mventa
826 1222 883 1271 sunt
901 1224 1009 1271 correcta
1020 1229 1108 1281 essent,

48 1307 108 1360 aliae
119 1304 170 1358 eius
181 1301 272 1357 codicis
283 1302 428 1371 scripturae,
451 1316 520 1372 quae,
541 1307 568 1356 ut
579 1302 610 1356 de
620 1300 804 1371 interpolatione
816 1316 859 1370 per
870 1315 896 1354 se
907 1308 1034 1369 suspectae
1044 1309 1108 1361 sunt,

12 1420 17 1435 ·
47 1391 81 1445 ita
92 1387 122 1442 ab
134 1387 203 1449 Aldo,
221 1385 277 1440 siin
290 1402 334 1440 suo
345 1386 430 1441 codice
438 1387 574 1450 introiisset,
585 1385 626 1439 vix
637 1387 740 1441 omissae
749 1392 830 1439 essent
839 1401 889 1440 non
899 1392 1021 1454 apparent.
1044 1385 1108 1439 unde

48 1475 144 1527 sirecte
156 1469 293 1538 colligimus
301 1468 418 1522 Gallicum
427 1469 480 1522 Aldi
490 1470 605 1531 codicem,
617 1467 724 1523 Mediceo
734 1469 759 1521 in
772 1469 857 1522 ceteris
869 1469 1024 1531 simillimum,
1036 1469 1110 1522 inter-

47 1555 170 1624 polatione
184 1550 248 1604 illius
260 1551 379 1612 caruisse,
390 1552 497 1619 sequitur
510 1551 535 1603 in
545 1549 630 1603 Aldina
639 1551 757 1618 scriptura
767 1565 823 1603 cum
834 1550 943 1604 blediceo
955 1551 1039 1604 codice
1051 1567 1109 1604 con-

48 1635 167 1690 sentiente
175 1647 292 1702 magnum
302 1646 355 1686 esse
365 1633 395 1687 ad
410 1631 481 1686 huius
498 1631 663 1687 auctoritatem
679 1632 858 1687 sustentandam
875 1640 1032 1687 momentum.
1066 1635 1108 1688 sed

47 1718 127 1772 cautio
139 1722 163 1770 et
178 1715 303 1786 dlligeutia
313 1714 447 1769 adhibenda
458 1721 501 1780 cst,
513 1722 543 1768 ne
553 1721 594 1770 aut
604 1716 628 1768 in
639 1715 706 1770 libris
715 1721 827 1786 quattuor
837 1718 927 1785 primis,
940 1717 965 1770 in
976 1717 1063 1787 quibus
1074 1719 1107 1770 si-

47 1800 116 1854 miles
127 1798 234 1853 llediceo
246 1798 323 1852 codici
334 1799 465 1870 scripturae
476 1814 506 1853 en
518 1799 629 1854 llaticauo
639 1813 682 1869 per
693 1799 801 1869 exempla
818 1805 873 1854 ante
892 1801 1006 1870 impressa
1023 1816 1109 1870 propa-

48 1890 121 1954 gatae
132 1889 213 1946 erant,
225 1881 326 1936 eandem
336 1883 385 1937 vim
396 1883 456 1937 Aldo
471 1884 616 1947 tribuamus,
636 1889 678 1937 aut
688 1885 713 1937 in
723 1884 821 1954 reliquis
832 1883 946 1939 ltalorum
957 1884 1108 1939 coniecturas

48 1981 92 2034 pro
104 1967 195 2037 antiqui
207 1965 297 2021 codicis
308 1967 432 2036 scripturis
444 1967 622 2037 amplectamur.
655 1967 757 2038 denique
768 1969 792 2022 in
805 1974 889 2022 octauo
902 1967 962 2022 libro
975 1970 1053 2022 omnis
1065 1984 1107 2038 pe-

46 2063 90 2101 nes
101 2048 189 2103 Aldum
207 2055 232 2103 et
242 2048 376 2105 llediceum
389 2051 497 2106 codicem
505 2052 634 2106 auctoritas
652 2058 701 2116 est;
723 2053 748 2106 in
769 2052 851 2121 paucis
875 2060 955 2107 autem
975 2051 1030 2106 libri
1051 2053 1108 2106 noui

45 2131 156 2200 epistulis
168 2148 229 2204 quae
240 2133 264 2187 in
275 2133 383 2190 lledioeo
403 2136 486 2190 codice
499 2136 585 2191 desunt
601 2143 696 2206 praeter
708 2136 795 2191 Aldum
804 2144 914 2192 recentes
924 2143 980 2190 octo
992 2136 1107 2190 librorum

45 2214 145 2269 codices
156 2217 202 2272 soli
211 2217 237 2271 in
249 2218 364 2274 auxilium
374 2221 475 2275 vocandi
486 2227 548 2276 sunt.
570 2235 631 2292 quae
642 2235 698 2276 cum
708 2221 741 2275 ita
752 2229 845 2285 essent,
868 2221 1000 2290 principem
1011 2221 1106 2291 quidem

45 2297 134 2352 ducem
147 2316 219 2371 quem
230 2315 343 2372 sequerer
353 2303 415 2374 elegi
425 2305 559 2359 Mediccum
571 2304 691 2367 codicem,
703 2305 745 2358 sed
758 2305 791 2357 ita
801 2311 882 2357 nmen
893 2304 1026 2372 principem
1035 2311 1076 2367 ut,
1087 2303 1109 2356 si

43 2380 82 2433 vel
95 2383 251 2446 resumeret,
274 2386 312 2440 vel
322 2388 468 2457 reliquorum
478 2387 594 2441 librorum
604 2387 708 2439 rationes
718 2386 899 2454 persuaderent,
920 2386 1108 2457 eumfldeserere

41 2476 93 2515 non
115 2464 259 2518 dubitarem.
292 2474 364 2539 atque
380 2485 427 2539 quo
440 2470 527 2523 certius
538 2475 660 2522 constaret
670 2482 730 2539 quae
741 2469 824 2537 optimi
835 2469 925 2523 codicis
936 2468 983 2523 lide
993 2468 1105 2524 destituta

39 2550 137 2605 essent,
161 2545 339 2614 discrepantem
356 2551 407 2605 eius
423 2552 478 2606 libri
488 2551 721 2620 scripturamiuline
732 2552 884 2622 praefationis
894 2553 1013 2608 adnotavi.
1035 2568 1106 2624 quam

37 2625 138 2691 quando
150 2628 298 2696 reliquomm
309 2631 426 2689 librorum
436 2636 577 2690 auctoritate
588 2636 736 2700 mutaverim,
750 2637 844 2706 quando
852 2638 997 2693 coniecturis
1002 2638 1041 2692 uel
1048 2638 1106 2690 alio-

36 2719 96 2796 rum
108 2707 147 2759 vel
158 2710 218 2762 meis
228 2727 288 2766 usus
300 2716 354 2783 sim,
363 2717 438 2773 Cortii
450 2719 554 2774 editione
565 2718 669 2773 adbibita
675 2721 791 2791 cognosci
803 2723 899 2790 poterit.
921 2737 977 2776 nam
986 2737 1042 2775 cum
1054 2736 1105 2775 om·

34 2800 77 2876 nra
91 2792 240 2846 recensionis
251 2800 371 2863 praesidia
381 2818 447 2858 nunc
456 2818 590 2873 proponere
600 2818 649 2858 non
665 2818 772 2873 possem,
796 2806 878 2860 utilius
901 2806 953 2860 fore
974 2805 1104 2858 existimari

30 2880 107 2958 umus
120 2871 278 2946 eiusdemque
291 2885 378 2951 optimi
388 2885 442 2941 libri
452 2888 594 2956 scripturam
605 2887 717 2942 exhibere
727 2889 847 2961 integram
859 2904 929 2960 quam
942 2888 1067 2943 collectam
1076 2888 1106 2942 de

24 2944 142 3008 pluribus
156 2957 340 3020 multitudinem
347 2982 500 3039 componere.
513 2986 560 3042 quo
570 2971 679 3026 instituto
691 2979 718 3026 ut
728 2973 830 3028 libemm
839 2974 882 3029 uni
893 2974 978 3044 cuique
990 2972 1105 3027 iudicium

18 3035 78 3074 esse
90 3033 176 3106 volui,
194 3042 217 3095 si
228 3045 272 3113 qui
286 3046 390 3106 Medicei
402 3054 491 3110 codicis
502 3055 643 3124 scripturam
654 3056 676 3110 ei
689 3072 761 3128 quam
771 3057 883 3112 substitui
893 3064 1013 3127 praestare
1024 3056 1104 3109 existi·

5 3109 104 3223 '55⁶⁰‘
124 3164 137 3189 s
156 3124 180 3179 id
190 3127 261 3196 quod
274 3129 387 3188 futurum
400 3152 452 3192 esse
462 3139 487 3193 in
497 3145 546 3193 tam
558 3139 675 3210 frequenti
686 3142 797 3195 codicum
808 3142 965 3212 discrepantia
977 3141 1060 3202 video,
1073 3140 1103 3193 ita

28 3193 163 3309 Ιῗέὶνίο
173 3210 280 3276 postulo
293 3220 322 3268 ut
333 3217 393 3273 mihi
405 3222 503 3278 credant
514 3239 554 3278 me
564 3239 613 3278 non
623 3230 715 3278 temere
726 3226 810 3294 optimi
822 3226 964 3295 exemplaris
980 3224 1052 3279 fidem
1064 3223 1105 3276 de·

0 3341 45 3383 „sp
67 3294 134 3352 ἐρ,
173 3293 222 3346 sed
236 3293 263 3348 in
275 3299 406 3367 scripturis
417 3304 518 3362 Medicei
536 3308 626 3362 codicis
637 3309 808 3378 componendis
820 3325 876 3364 cum
886 3310 978 3363 minuta
988 3307 1104 3379 quaedam

0 3425 5 3435 s
28 3371 192 3439 ‘Qnullam
205 3377 344 3435 utilitatem
356 3384 381 3438 in
393 3385 465 3444 buius
475 3391 540 3446 modi
551 3391 704 3446 adnotatione
715 3392 806 3447 habere
815 3393 955 3448 videbantur
966 3399 1018 3446 tum
1025 3390 1105 3445 omnia

16 3458 26 3474 ⁸
53 3504 67 3530 a
87 3464 123 3524 ad
145 3456 364 3531 orthographiam
382 3485 446 3541 quae
464 3475 552 3530 dicitur
564 3475 686 3544 pertinent
703 3477 780 3531 omisi.
813 3483 884 3549 atque
901 3477 925 3531 in
943 3476 991 3530 hoc
1009 3474 1106 3545 quidem
