<?xml version="1.0" encoding="UTF-8"?>
<!DOCTYPE html PUBLIC "-//W3C//DTD XHTML 1.0 Transitional//EN"
    "http://www.w3.org/TR/xhtml1/DTD/xhtml1-transitional.dtd">
<html xmlns="http://www.w3.org/1999/xhtml" xml:lang="en" lang="en">
 <head>
  <title>
</title>
<meta http-equiv="Content-Type" content="text/html;charset=utf-8" />
  <meta name='ocr-system' content='tesseract 3.04.00' />
  <meta name='ocr-capabilities' content='ocr_page ocr_carea ocr_par ocr_line ocrx_word'/>
</head>
<body>
  <div class='ocr_page' id='page_1' title='image "./cplinicaccilise00plingoog_0102.png"; bbox 0 0 2588 4116; ppageno 0'>
   <div class='ocr_carea' id='block_1_1' title="bbox 215 190 793 261">
    <p class='ocr_par' dir='ltr' id='par_1_1' title="bbox 215 190 793 261">
     <span class='ocr_line' id='line_1_1' title="bbox 215 190 793 261; baseline -0.014 -1"><span class='ocrx_word' id='word_1_1' title='bbox 215 199 258 261; x_wconf 73' lang='lat'><strong>82</strong></span> <span class='ocrx_word' id='word_1_2' title='bbox 642 190 676 253; x_wconf 79' lang='lat'><strong>0.</strong></span> <span class='ocrx_word' id='word_1_3' title='bbox 696 191 793 253; x_wconf 80' lang='lat' dir='ltr'><strong>PIIIII</strong></span> 
     </span>
    </p>
   </div>
   <div class='ocr_carea' id='block_1_2' title="bbox 215 342 1221 493">
    <p class='ocr_par' dir='ltr' id='par_1_2' title="bbox 215 342 1221 493">
     <span class='ocr_line' id='line_1_2' title="bbox 215 342 1221 491; baseline -0.002 -82"><span class='ocrx_word' id='word_1_4' title='bbox 215 349 292 448; x_wconf 85' lang='lat' dir='ltr'><strong>illam</strong></span> <span class='ocrx_word' id='word_1_5' title='bbox 298 347 393 491; x_wconf 63' lang='lat' dir='ltr'><strong>prailbi,</strong></span> <span class='ocrx_word' id='word_1_6' title='bbox 416 346 465 405; x_wconf 91' lang='lat' dir='ltr'><strong>illa</strong></span> <span class='ocrx_word' id='word_1_7' title='bbox 493 344 569 424; x_wconf 87' lang='lat' dir='ltr'><strong>quod</strong></span> <span class='ocrx_word' id='word_1_8' title='bbox 590 361 635 404; x_wconf 92' lang='lat' dir='ltr'><strong>me</strong></span> <span class='ocrx_word' id='word_1_9' title='bbox 656 343 710 404; x_wconf 91' lang='lat' dir='ltr'><strong>sibi</strong></span> <span class='ocrx_word' id='word_1_10' title='bbox 726 342 856 421; x_wconf 86' lang='lat' dir='ltr'><strong>dederis,</strong></span> <span class='ocrx_word' id='word_1_11' title='bbox 878 345 959 422; x_wconf 88' lang='lat' dir='ltr'><strong>quasi</strong></span> <span class='ocrx_word' id='word_1_12' title='bbox 979 344 1102 404; x_wconf 82' lang='lat' dir='ltr'><strong>invicem</strong></span> <span class='ocrx_word' id='word_1_13' title='bbox 1122 344 1221 424; x_wconf 83' lang='lat' dir='ltr'><strong>elege-</strong></span> 
     </span>
     <span class='ocr_line' id='line_1_3' title="bbox 216 450 379 493; baseline -0.012 -1"><span class='ocrx_word' id='word_1_14' title='bbox 216 453 266 493; x_wconf 88' lang='lat' dir='ltr'><strong>rrs.</strong></span> <span class='ocrx_word' id='word_1_15' title='bbox 352 450 379 491; x_wconf 87' lang='lat' dir='ltr'><strong>e.</strong></span> 
     </span>
    </p>
   </div>
   <div class='ocr_carea' id='block_1_3' title="bbox 441 559 1243 740">
    <p class='ocr_par' dir='ltr' id='par_1_3' title="bbox 441 559 1243 740">
     <span class='ocr_line' id='line_1_4' title="bbox 441 559 1243 740; baseline -0.004 -29"><span class='ocrx_word' id='word_1_16' title='bbox 441 660 469 711; x_wconf 82' lang='lat' dir='ltr'><strong>G.</strong></span> <span class='ocrx_word' id='word_1_17' title='bbox 487 656 612 710; x_wconf 81' lang='lat' dir='ltr'><strong>PlelUS</strong></span> <span class='ocrx_word' id='word_1_18' title='bbox 629 559 873 707; x_wconf 61' lang='lat' dir='ltr'><strong>NObVOXMAXIMO</strong></span> <span class='ocrx_word' id='word_1_19' title='bbox 893 656 953 708; x_wconf 86' lang='lat' dir='ltr'><strong>SUO</strong></span> <span class='ocrx_word' id='word_1_20' title='bbox 971 658 998 708; x_wconf 88' lang='lat' dir='ltr'><strong>S.</strong></span> <span class='ocrx_word' id='word_1_21' title='bbox 1227 690 1243 740; x_wconf 80' lang='lat'>5</span> 
     </span>
    </p>
   </div>
   <div class='ocr_carea' id='block_1_4' title="bbox 189 757 1262 1426">
    <p class='ocr_par' dir='ltr' id='par_1_4' title="bbox 189 757 1220 926">
     <span class='ocr_line' id='line_1_5' title="bbox 189 757 1220 839; baseline -0.006 -13"><span class='ocrx_word' id='word_1_22' title='bbox 189 775 206 826; x_wconf 92' lang='lat' dir='ltr'><strong>l</strong></span> <span class='ocrx_word' id='word_1_23' title='bbox 280 761 356 836; x_wconf 84' lang='lat' dir='ltr'>Quid</span> <span class='ocrx_word' id='word_1_24' title='bbox 370 763 508 822; x_wconf 80' lang='lat' dir='ltr'><strong>senserim</strong></span> <span class='ocrx_word' id='word_1_25' title='bbox 526 760 562 820; x_wconf 91' lang='lat' dir='ltr'><strong>de</strong></span> <span class='ocrx_word' id='word_1_26' title='bbox 576 757 697 837; x_wconf 89' lang='lat' dir='ltr'><strong>singulis</strong></span> <span class='ocrx_word' id='word_1_27' title='bbox 714 761 771 820; x_wconf 89' lang='lat' dir='ltr'><strong>tuis</strong></span> <span class='ocrx_word' id='word_1_28' title='bbox 786 758 865 818; x_wconf 88' lang='lat' dir='ltr'><strong>libris</strong></span> <span class='ocrx_word' id='word_1_29' title='bbox 879 769 978 819; x_wconf 92' lang='lat' dir='ltr'><strong>notum</strong></span> <span class='ocrx_word' id='word_1_30' title='bbox 992 760 1062 835; x_wconf 90' lang='lat' dir='ltr'><strong>tibi,</strong></span> <span class='ocrx_word' id='word_1_31' title='bbox 1078 769 1109 819; x_wconf 89' lang='lat' dir='ltr'><strong>ut</strong></span> <span class='ocrx_word' id='word_1_32' title='bbox 1123 778 1220 839; x_wconf 87' lang='lat' dir='ltr'><strong>quern·</strong></span> 
     </span>
     <span class='ocr_line' id='line_1_6' title="bbox 216 844 1219 926; baseline 0 -20"><span class='ocrx_word' id='word_1_33' title='bbox 216 866 273 926; x_wconf 82' lang='lat' dir='ltr'><strong>que</strong></span> <span class='ocrx_word' id='word_1_34' title='bbox 293 845 482 924; x_wconf 79' lang='lat' dir='ltr'><strong>perlegeram,</strong></span> <span class='ocrx_word' id='word_1_35' title='bbox 507 844 580 903; x_wconf 89' lang='lat' dir='ltr'><strong>feci:</strong></span> <span class='ocrx_word' id='word_1_36' title='bbox 604 845 706 922; x_wconf 82' lang='lat' dir='ltr'><strong>accipe</strong></span> <span class='ocrx_word' id='word_1_37' title='bbox 720 861 796 903; x_wconf 92' lang='lat' dir='ltr'><strong>nunc</strong></span> <span class='ocrx_word' id='word_1_38' title='bbox 811 844 880 921; x_wconf 84' lang='lat' dir='ltr'><strong>quid</strong></span> <span class='ocrx_word' id='word_1_39' title='bbox 895 844 930 903; x_wconf 93' lang='lat' dir='ltr'><strong>de</strong></span> <span class='ocrx_word' id='word_1_40' title='bbox 945 845 1087 904; x_wconf 86' lang='lat' dir='ltr'><strong>universis</strong></span> <span class='ocrx_word' id='word_1_41' title='bbox 1100 863 1219 921; x_wconf 87' lang='lat' dir='ltr'><strong>gencra-</strong></span> 
     </span>
    </p>

    <p class='ocr_par' dir='ltr' id='par_1_5' title="bbox 189 926 1262 1256">
     <span class='ocr_line' id='line_1_7' title="bbox 189 926 1220 1006; baseline -0.003 -15"><span class='ocrx_word' id='word_1_42' title='bbox 189 931 282 993; x_wconf 73' lang='lat' dir='ltr'><strong>Iliter</strong></span> <span class='ocrx_word' id='word_1_43' title='bbox 295 930 427 989; x_wconf 91' lang='lat' dir='ltr'><strong>iudicem.</strong></span> <span class='ocrx_word' id='word_1_44' title='bbox 450 927 504 988; x_wconf 83' lang='lat' dir='ltr'><strong>Est</strong></span> <span class='ocrx_word' id='word_1_45' title='bbox 519 945 593 1006; x_wconf 90' lang='lat' dir='ltr'><strong>opus</strong></span> <span class='ocrx_word' id='word_1_46' title='bbox 610 926 767 1006; x_wconf 87' lang='lat' dir='ltr'><strong>pulcbrum,</strong></span> <span class='ocrx_word' id='word_1_47' title='bbox 781 926 915 1004; x_wconf 89' lang='lat' dir='ltr'><strong>validum,</strong></span> <span class='ocrx_word' id='word_1_48' title='bbox 930 945 1008 1005; x_wconf 89' lang='lat' dir='ltr'><strong>acre,</strong></span> <span class='ocrx_word' id='word_1_49' title='bbox 1024 927 1157 1005; x_wconf 92' lang='lat' dir='ltr'><strong>sublime,</strong></span> <span class='ocrx_word' id='word_1_50' title='bbox 1172 948 1220 988; x_wconf 90' lang='lat' dir='ltr'><strong>va·</strong></span> 
     </span>
     <span class='ocr_line' id='line_1_8' title="bbox 215 1011 1220 1091; baseline -0.001 -20"><span class='ocrx_word' id='word_1_51' title='bbox 215 1016 305 1090; x_wconf 94' lang='lat' dir='ltr'><strong>rium,</strong></span> <span class='ocrx_word' id='word_1_52' title='bbox 326 1012 461 1090; x_wconf 78' lang='lat' dir='ltr'><strong>elegans,</strong></span> <span class='ocrx_word' id='word_1_53' title='bbox 484 1028 603 1091; x_wconf 88' lang='lat' dir='ltr'><strong>purum,</strong></span> <span class='ocrx_word' id='word_1_54' title='bbox 631 1011 796 1089; x_wconf 88' lang='lat' dir='ltr'><strong>figuratum,</strong></span> <span class='ocrx_word' id='word_1_55' title='bbox 818 1013 976 1090; x_wconf 90' lang='lat' dir='ltr'><strong>spatiosum</strong></span> <span class='ocrx_word' id='word_1_56' title='bbox 998 1014 1082 1071; x_wconf 88' lang='lat' dir='ltr'><strong>etiam</strong></span> <span class='ocrx_word' id='word_1_57' title='bbox 1102 1022 1132 1071; x_wconf 92' lang='lat' dir='ltr'><strong>et</strong></span> <span class='ocrx_word' id='word_1_58' title='bbox 1156 1029 1220 1072; x_wconf 90' lang='lat' dir='ltr'><strong>cum</strong></span> 
     </span>
     <span class='ocr_line' id='line_1_9' title="bbox 215 1095 1262 1175; baseline 0.001 -20"><span class='ocrx_word' id='word_1_59' title='bbox 215 1115 316 1174; x_wconf 89' lang='lat' dir='ltr'><strong>magna</strong></span> <span class='ocrx_word' id='word_1_60' title='bbox 334 1106 381 1156; x_wconf 89' lang='lat' dir='ltr'><strong>tua</strong></span> <span class='ocrx_word' id='word_1_61' title='bbox 396 1097 480 1156; x_wconf 88' lang='lat' dir='ltr'><strong>laude</strong></span> <span class='ocrx_word' id='word_1_62' title='bbox 497 1095 645 1173; x_wconf 83' lang='lat' dir='ltr'><strong>diffusum,</strong></span> <span class='ocrx_word' id='word_1_63' title='bbox 668 1096 696 1155; x_wconf 91' lang='lat' dir='ltr'><strong>in</strong></span> <span class='ocrx_word' id='word_1_64' title='bbox 711 1113 768 1173; x_wconf 86' lang='lat' dir='ltr'><strong>quo</strong></span> <span class='ocrx_word' id='word_1_65' title='bbox 783 1105 813 1155; x_wconf 91' lang='lat' dir='ltr'><strong>tu</strong></span> <span class='ocrx_word' id='word_1_66' title='bbox 829 1097 937 1172; x_wconf 89' lang='lat' dir='ltr'><strong>ingenii</strong></span> <span class='ocrx_word' id='word_1_67' title='bbox 959 1095 1041 1157; x_wconf 90' lang='lat' dir='ltr'><strong>simul</strong></span> <span class='ocrx_word' id='word_1_68' title='bbox 1057 1095 1222 1175; x_wconf 88' lang='lat' dir='ltr'><strong>dolorisque</strong></span> <span class='ocrx_word' id='word_1_69' title='bbox 1230 1111 1262 1162; x_wconf 83' lang='lat' dir='ltr'><strong>lu</strong></span> 
     </span>
     <span class='ocr_line' id='line_1_10' title="bbox 216 1178 1220 1256; baseline 0.001 -17"><span class='ocrx_word' id='word_1_70' title='bbox 216 1180 290 1240; x_wconf 86' lang='lat' dir='ltr'><strong>velis</strong></span> <span class='ocrx_word' id='word_1_71' title='bbox 306 1181 440 1240; x_wconf 78' lang='lat' dir='ltr'><strong>laIIssime</strong></span> <span class='ocrx_word' id='word_1_72' title='bbox 459 1189 561 1239; x_wconf 85' lang='lat' dir='ltr'><strong>uectus</strong></span> <span class='ocrx_word' id='word_1_73' title='bbox 574 1199 617 1240; x_wconf 91' lang='lat' dir='ltr'><strong>es.</strong></span> <span class='ocrx_word' id='word_1_74' title='bbox 638 1178 744 1238; x_wconf 91' lang='lat' dir='ltr'><strong>Horum</strong></span> <span class='ocrx_word' id='word_1_75' title='bbox 755 1188 905 1256; x_wconf 88' lang='lat' dir='ltr'><strong>utmmque</strong></span> <span class='ocrx_word' id='word_1_76' title='bbox 923 1182 1044 1240; x_wconf 87' lang='lat' dir='ltr'><strong>invicem</strong></span> <span class='ocrx_word' id='word_1_77' title='bbox 1060 1179 1220 1240; x_wconf 85' lang='lat' dir='ltr'><strong>adiumento</strong></span> 
     </span>
    </p>

    <p class='ocr_par' dir='ltr' id='par_1_6' title="bbox 192 1262 1221 1426">
     <span class='ocr_line' id='line_1_11' title="bbox 192 1262 1221 1341; baseline -0.004 -14"><span class='ocrx_word' id='word_1_78' title='bbox 192 1265 283 1327; x_wconf 84' lang='lat' dir='ltr'><strong>3fuit.</strong></span> <span class='ocrx_word' id='word_1_79' title='bbox 303 1264 373 1325; x_wconf 93' lang='lat' dir='ltr'><strong>Nam</strong></span> <span class='ocrx_word' id='word_1_80' title='bbox 389 1264 481 1324; x_wconf 92' lang='lat' dir='ltr'><strong>dolori</strong></span> <span class='ocrx_word' id='word_1_81' title='bbox 498 1262 699 1325; x_wconf 81' lang='lat' dir='ltr'><strong>sublimitatem</strong></span> <span class='ocrx_word' id='word_1_82' title='bbox 714 1272 743 1322; x_wconf 90' lang='lat' dir='ltr'><strong>et</strong></span> <span class='ocrx_word' id='word_1_83' title='bbox 756 1264 993 1340; x_wconf 89' lang='lat' dir='ltr'><strong>magnificentiam</strong></span> <span class='ocrx_word' id='word_1_84' title='bbox 1007 1265 1161 1341; x_wconf 84' lang='lat' dir='ltr'><strong>ingenium,</strong></span> <span class='ocrx_word' id='word_1_85' title='bbox 1179 1266 1221 1323; x_wconf 90' lang='lat' dir='ltr'><strong>in·</strong></span> 
     </span>
     <span class='ocr_line' id='line_1_12' title="bbox 216 1345 986 1426; baseline -0.003 -18"><span class='ocrx_word' id='word_1_86' title='bbox 216 1351 304 1426; x_wconf 90' lang='lat' dir='ltr'><strong>genio</strong></span> <span class='ocrx_word' id='word_1_87' title='bbox 319 1351 377 1408; x_wconf 88' lang='lat' dir='ltr'><strong>vim</strong></span> <span class='ocrx_word' id='word_1_88' title='bbox 391 1358 421 1409; x_wconf 88' lang='lat' dir='ltr'><strong>et</strong></span> <span class='ocrx_word' id='word_1_89' title='bbox 437 1347 648 1409; x_wconf 72' lang='lat' dir='ltr'><strong>amaritudinem</strong></span> <span class='ocrx_word' id='word_1_90' title='bbox 662 1345 745 1406; x_wconf 91' lang='lat' dir='ltr'><strong>dolor</strong></span> <span class='ocrx_word' id='word_1_91' title='bbox 760 1347 874 1407; x_wconf 85' lang='lat' dir='ltr'><strong>addidit.</strong></span> <span class='ocrx_word' id='word_1_92' title='bbox 905 1348 986 1408; x_wconf 88' lang='lat' dir='ltr'><strong>Vale.</strong></span> 
     </span>
    </p>
   </div>
   <div class='ocr_carea' id='block_1_5' title="bbox 446 1479 1001 1638">
    <p class='ocr_par' dir='ltr' id='par_1_7' title="bbox 446 1479 1001 1638">
     <span class='ocr_line' id='line_1_13' title="bbox 681 1479 760 1540; baseline 0 0"><span class='ocrx_word' id='word_1_93' title='bbox 681 1479 760 1540; x_wconf 85' lang='lat' dir='ltr'><strong>XXI.</strong></span> 
     </span>
     <span class='ocr_line' id='line_1_14' title="bbox 446 1577 1001 1638; baseline -0.002 -6"><span class='ocrx_word' id='word_1_94' title='bbox 446 1581 474 1638; x_wconf 81' lang='lat' dir='ltr'><strong>C.</strong></span> <span class='ocrx_word' id='word_1_95' title='bbox 491 1581 617 1632; x_wconf 83' lang='lat' dir='ltr'>PLINIUS</span> <span class='ocrx_word' id='word_1_96' title='bbox 632 1580 730 1631; x_wconf 85' lang='lat' dir='ltr'><strong>VELlO</strong></span> <span class='ocrx_word' id='word_1_97' title='bbox 749 1578 877 1628; x_wconf 69' lang='lat' dir='ltr'><strong>cumam</strong></span> <span class='ocrx_word' id='word_1_98' title='bbox 895 1577 955 1630; x_wconf 85' lang='lat' dir='ltr'><strong>SUO</strong></span> <span class='ocrx_word' id='word_1_99' title='bbox 974 1580 1001 1631; x_wconf 89' lang='lat' dir='ltr'><strong>S.</strong></span> 
     </span>
    </p>
   </div>
   <div class='ocr_carea' id='block_1_6' title="bbox 193 1663 1221 1929">
    <p class='ocr_par' dir='ltr' id='par_1_8' title="bbox 193 1663 1221 1929">
     <span class='ocr_line' id='line_1_15' title="bbox 194 1663 1220 1761; baseline 0.002 -19"><span class='ocrx_word' id='word_1_100' title='bbox 194 1663 209 1714; x_wconf 94' lang='lat' dir='ltr'><strong>l</strong></span> <span class='ocrx_word' id='word_1_101' title='bbox 278 1682 401 1743; x_wconf 85' lang='lat' dir='ltr'><strong>Tristem</strong></span> <span class='ocrx_word' id='word_1_102' title='bbox 416 1692 446 1742; x_wconf 88' lang='lat' dir='ltr'><strong>et</strong></span> <span class='ocrx_word' id='word_1_103' title='bbox 459 1684 594 1745; x_wconf 87' lang='lat' dir='ltr'><strong>acerbum</strong></span> <span class='ocrx_word' id='word_1_104' title='bbox 609 1700 704 1744; x_wconf 84' lang='lat' dir='ltr'><strong>casum</strong></span> <span class='ocrx_word' id='word_1_105' title='bbox 719 1679 912 1740; x_wconf 86' lang='lat' dir='ltr'><strong>Helvidiamm</strong></span> <span class='ocrx_word' id='word_1_106' title='bbox 930 1681 1074 1743; x_wconf 82' lang='lat' dir='ltr'><strong>sororum!</strong></span> <span class='ocrx_word' id='word_1_107' title='bbox 1094 1683 1220 1761; x_wconf 83' lang='lat' dir='ltr'><strong>Utraque</strong></span> 
     </span>
     <span class='ocr_line' id='line_1_16' title="bbox 193 1745 1220 1846; baseline -0.002 -19"><span class='ocrx_word' id='word_1_108' title='bbox 193 1745 234 1827; x_wconf 70' lang='lat' dir='ltr'><strong>2a</strong></span> <span class='ocrx_word' id='word_1_109' title='bbox 256 1777 353 1845; x_wconf 89' lang='lat' dir='ltr'><strong>partu,</strong></span> <span class='ocrx_word' id='word_1_110' title='bbox 377 1777 498 1846; x_wconf 88' lang='lat' dir='ltr'><strong>utraque</strong></span> <span class='ocrx_word' id='word_1_111' title='bbox 519 1767 603 1827; x_wconf 89' lang='lat' dir='ltr'><strong>liliam</strong></span> <span class='ocrx_word' id='word_1_112' title='bbox 624 1769 706 1828; x_wconf 84' lang='lat' dir='ltr'><strong>enixa</strong></span> <span class='ocrx_word' id='word_1_113' title='bbox 726 1766 865 1825; x_wconf 81' lang='lat' dir='ltr'><strong>decessit.</strong></span> <span class='ocrx_word' id='word_1_114' title='bbox 894 1764 1023 1826; x_wconf 84' lang='lat' dir='ltr'><strong>Adlicior</strong></span> <span class='ocrx_word' id='word_1_115' title='bbox 1044 1766 1144 1827; x_wconf 92' lang='lat' dir='ltr'><strong>dolore</strong></span> <span class='ocrx_word' id='word_1_116' title='bbox 1165 1786 1220 1827; x_wconf 86' lang='lat' dir='ltr'><strong>nec</strong></span> 
     </span>
     <span class='ocr_line' id='line_1_17' title="bbox 216 1849 1221 1929; baseline 0 -20"><span class='ocrx_word' id='word_1_117' title='bbox 216 1859 310 1910; x_wconf 88' lang='lat' dir='ltr'><strong>tamen</strong></span> <span class='ocrx_word' id='word_1_118' title='bbox 328 1870 414 1929; x_wconf 91' lang='lat' dir='ltr'><strong>supra</strong></span> <span class='ocrx_word' id='word_1_119' title='bbox 428 1852 541 1911; x_wconf 89' lang='lat' dir='ltr'><strong>modum</strong></span> <span class='ocrx_word' id='word_1_120' title='bbox 556 1851 657 1912; x_wconf 91' lang='lat' dir='ltr'><strong>doleo:</strong></span> <span class='ocrx_word' id='word_1_121' title='bbox 679 1852 717 1910; x_wconf 90' lang='lat' dir='ltr'><strong>ita</strong></span> <span class='ocrx_word' id='word_1_122' title='bbox 739 1849 807 1908; x_wconf 90' lang='lat' dir='ltr'><strong>mibi</strong></span> <span class='ocrx_word' id='word_1_123' title='bbox 829 1849 989 1910; x_wconf 90' lang='lat' dir='ltr'><strong>luctuosum</strong></span> <span class='ocrx_word' id='word_1_124' title='bbox 1010 1851 1123 1912; x_wconf 89' lang='lat' dir='ltr'><strong>videtur</strong></span> <span class='ocrx_word' id='word_1_125' title='bbox 1144 1850 1221 1929; x_wconf 87' lang='lat' dir='ltr'><strong>quod</strong></span> 
     </span>
    </p>
   </div>
   <div class='ocr_carea' id='block_1_7' title="bbox 1230 1532 1260 1584">
    <p class='ocr_par' dir='ltr' id='par_1_9' title="bbox 1230 1532 1260 1584">
     <span class='ocr_line' id='line_1_18' title="bbox 1230 1532 1260 1584; baseline 0 0"><span class='ocrx_word' id='word_1_126' title='bbox 1230 1532 1260 1584; x_wconf 80' lang='lat'><strong>15</strong></span> 
     </span>
    </p>
   </div>
   <div class='ocr_carea' id='block_1_8' title="bbox 187 1933 1264 2934">
    <p class='ocr_par' dir='ltr' id='par_1_10' title="bbox 187 1933 1264 2934">
     <span class='ocr_line' id='line_1_19' title="bbox 216 1933 1261 2012; baseline 0.008 -20"><span class='ocrx_word' id='word_1_127' title='bbox 216 1933 328 2012; x_wconf 89' lang='lat' dir='ltr'><strong>puellas</strong></span> <span class='ocrx_word' id='word_1_128' title='bbox 344 1935 561 1997; x_wconf 88' lang='lat' dir='ltr'><strong>honestissimas</strong></span> <span class='ocrx_word' id='word_1_129' title='bbox 583 1938 611 1995; x_wconf 93' lang='lat' dir='ltr'><strong>in</strong></span> <span class='ocrx_word' id='word_1_130' title='bbox 631 1935 702 1995; x_wconf 88' lang='lat' dir='ltr'><strong>flore</strong></span> <span class='ocrx_word' id='word_1_131' title='bbox 724 1936 815 2012; x_wconf 90' lang='lat' dir='ltr'><strong>primo</strong></span> <span class='ocrx_word' id='word_1_132' title='bbox 831 1933 990 1994; x_wconf 82' lang='lat' dir='ltr'><strong>fecunditas</strong></span> <span class='ocrx_word' id='word_1_133' title='bbox 1006 1935 1131 1996; x_wconf 89' lang='lat' dir='ltr'><strong>abstulit.</strong></span> <span class='ocrx_word' id='word_1_134' title='bbox 1163 1933 1261 2000; x_wconf 64' lang='lat' dir='ltr'><strong>flu-20</strong></span> 
     </span>
     <span class='ocr_line' id='line_1_20' title="bbox 216 2018 1220 2097; baseline 0.001 -20"><span class='ocrx_word' id='word_1_135' title='bbox 216 2035 272 2096; x_wconf 89' lang='lat' dir='ltr'><strong>gor</strong></span> <span class='ocrx_word' id='word_1_136' title='bbox 285 2018 430 2079; x_wconf 85' lang='lat' dir='ltr'><strong>iufamium</strong></span> <span class='ocrx_word' id='word_1_137' title='bbox 444 2030 542 2097; x_wconf 89' lang='lat' dir='ltr'><strong>sorte,</strong></span> <span class='ocrx_word' id='word_1_138' title='bbox 565 2038 638 2097; x_wconf 86' lang='lat' dir='ltr'><strong>quae</strong></span> <span class='ocrx_word' id='word_1_139' title='bbox 658 2027 723 2080; x_wconf 89' lang='lat' dir='ltr'><strong>sunt</strong></span> <span class='ocrx_word' id='word_1_140' title='bbox 741 2019 906 2096; x_wconf 88' lang='lat' dir='ltr'><strong>parentibus</strong></span> <span class='ocrx_word' id='word_1_141' title='bbox 925 2021 1020 2080; x_wconf 89' lang='lat' dir='ltr'><strong>statim</strong></span> <span class='ocrx_word' id='word_1_142' title='bbox 1041 2030 1070 2080; x_wconf 93' lang='lat' dir='ltr'><strong>et</strong></span> <span class='ocrx_word' id='word_1_143' title='bbox 1092 2020 1157 2079; x_wconf 91' lang='lat' dir='ltr'><strong>dum</strong></span> <span class='ocrx_word' id='word_1_144' title='bbox 1172 2036 1220 2078; x_wconf 90' lang='lat' dir='ltr'><strong>na-</strong></span> 
     </span>
     <span class='ocr_line' id='line_1_21' title="bbox 217 2104 1221 2183; baseline 0 -21"><span class='ocrx_word' id='word_1_145' title='bbox 217 2112 336 2162; x_wconf 89' lang='lat' dir='ltr'><strong>scuntur</strong></span> <span class='ocrx_word' id='word_1_146' title='bbox 346 2104 472 2180; x_wconf 88' lang='lat' dir='ltr'><strong>orbatae,</strong></span> <span class='ocrx_word' id='word_1_147' title='bbox 488 2121 579 2182; x_wconf 89' lang='lat' dir='ltr'><strong>angor</strong></span> <span class='ocrx_word' id='word_1_148' title='bbox 590 2105 761 2183; x_wconf 89' lang='lat' dir='ltr'><strong>optimorum</strong></span> <span class='ocrx_word' id='word_1_149' title='bbox 771 2104 942 2181; x_wconf 88' lang='lat' dir='ltr'><strong>maritomm,</strong></span> <span class='ocrx_word' id='word_1_150' title='bbox 957 2121 1049 2182; x_wconf 90' lang='lat' dir='ltr'><strong>angor</strong></span> <span class='ocrx_word' id='word_1_151' title='bbox 1060 2107 1144 2165; x_wconf 88' lang='lat' dir='ltr'><strong>etiam</strong></span> <span class='ocrx_word' id='word_1_152' title='bbox 1155 2121 1221 2163; x_wconf 93' lang='lat' dir='ltr'><strong>meo</strong></span> 
     </span>
     <span class='ocr_line' id='line_1_22' title="bbox 189 2187 1221 2268; baseline -0.003 -18"><span class='ocrx_word' id='word_1_153' title='bbox 189 2190 340 2250; x_wconf 68' lang='lat' dir='ltr'><strong>duomine.</strong></span> <span class='ocrx_word' id='word_1_154' title='bbox 372 2188 442 2249; x_wconf 89' lang='lat' dir='ltr'><strong>Nam</strong></span> <span class='ocrx_word' id='word_1_155' title='bbox 458 2198 568 2268; x_wconf 90' lang='lat' dir='ltr'><strong>patrem</strong></span> <span class='ocrx_word' id='word_1_156' title='bbox 588 2188 697 2249; x_wconf 90' lang='lat' dir='ltr'><strong>illarum</strong></span> <span class='ocrx_word' id='word_1_157' title='bbox 719 2187 883 2248; x_wconf 90' lang='lat' dir='ltr'><strong>defunctum</strong></span> <span class='ocrx_word' id='word_1_158' title='bbox 903 2206 1018 2265; x_wconf 86' lang='lat' dir='ltr'><strong>quoque</strong></span> <span class='ocrx_word' id='word_1_159' title='bbox 1031 2207 1221 2267; x_wconf 89' lang='lat' dir='ltr'><strong>perseveran-</strong></span> 
     </span>
     <span class='ocr_line' id='line_1_23' title="bbox 216 2271 1221 2350; baseline 0 -20"><span class='ocrx_word' id='word_1_160' title='bbox 216 2273 327 2331; x_wconf 89' lang='lat' dir='ltr'><strong>tissime</strong></span> <span class='ocrx_word' id='word_1_161' title='bbox 343 2272 443 2350; x_wconf 89' lang='lat' dir='ltr'><strong>diligo,</strong></span> <span class='ocrx_word' id='word_1_162' title='bbox 460 2282 492 2332; x_wconf 92' lang='lat' dir='ltr'><strong>ut</strong></span> <span class='ocrx_word' id='word_1_163' title='bbox 507 2274 619 2332; x_wconf 90' lang='lat' dir='ltr'><strong>actione</strong></span> <span class='ocrx_word' id='word_1_164' title='bbox 632 2290 696 2331; x_wconf 88' lang='lat' dir='ltr'><strong>mea</strong></span> <span class='ocrx_word' id='word_1_165' title='bbox 710 2271 848 2346; x_wconf 87' lang='lat' dir='ltr'><strong>librisque</strong></span> <span class='ocrx_word' id='word_1_166' title='bbox 863 2279 995 2330; x_wconf 88' lang='lat' dir='ltr'><strong>testatum</strong></span> <span class='ocrx_word' id='word_1_167' title='bbox 1010 2281 1070 2338; x_wconf 90' lang='lat' dir='ltr'><strong>est;</strong></span> <span class='ocrx_word' id='word_1_168' title='bbox 1087 2273 1133 2329; x_wconf 92' lang='lat' dir='ltr'><strong>cui</strong></span> <span class='ocrx_word' id='word_1_169' title='bbox 1144 2291 1221 2330; x_wconf 91' lang='lat' dir='ltr'><strong>nunc</strong></span> 
     </span>
     <span class='ocr_line' id='line_1_24' title="bbox 217 2350 1264 2433; baseline -0.001 -20"><span class='ocrx_word' id='word_1_170' title='bbox 217 2373 289 2415; x_wconf 88' lang='lat' dir='ltr'><strong>unus</strong></span> <span class='ocrx_word' id='word_1_171' title='bbox 305 2358 446 2415; x_wconf 83' lang='lat' dir='ltr'><strong>extribus</strong></span> <span class='ocrx_word' id='word_1_172' title='bbox 462 2356 561 2414; x_wconf 91' lang='lat' dir='ltr'><strong>liberis</strong></span> <span class='ocrx_word' id='word_1_173' title='bbox 581 2363 717 2433; x_wconf 87' lang='lat' dir='ltr'><strong>superest</strong></span> <span class='ocrx_word' id='word_1_174' title='bbox 736 2353 905 2427; x_wconf 90' lang='lat' dir='ltr'><strong>domumque</strong></span> <span class='ocrx_word' id='word_1_175' title='bbox 922 2350 1052 2427; x_wconf 90' lang='lat' dir='ltr'><strong>pluribus</strong></span> <span class='ocrx_word' id='word_1_176' title='bbox 1066 2353 1264 2419; x_wconf 71' lang='lat' dir='ltr'><strong>adminicu-us</strong></span> 
     </span>
     <span class='ocr_line' id='line_1_25' title="bbox 192 2432 1221 2516; baseline -0.004 -16"><span class='ocrx_word' id='word_1_177' title='bbox 192 2439 254 2500; x_wconf 75' lang='lat' dir='ltr'><strong>llis</strong></span> <span class='ocrx_word' id='word_1_178' title='bbox 272 2439 356 2516; x_wconf 91' lang='lat' dir='ltr'><strong>paulo</strong></span> <span class='ocrx_word' id='word_1_179' title='bbox 370 2448 435 2497; x_wconf 86' lang='lat' dir='ltr'><strong>ante</strong></span> <span class='ocrx_word' id='word_1_180' title='bbox 450 2437 589 2496; x_wconf 82' lang='lat' dir='ltr'><strong>fundatam</strong></span> <span class='ocrx_word' id='word_1_181' title='bbox 606 2434 750 2496; x_wconf 88' lang='lat' dir='ltr'><strong>desolatus</strong></span> <span class='ocrx_word' id='word_1_182' title='bbox 765 2432 845 2490; x_wconf 84' lang='lat' dir='ltr'><strong>fulcit</strong></span> <span class='ocrx_word' id='word_1_183' title='bbox 858 2450 893 2491; x_wconf 89' lang='lat' dir='ltr'><strong>ac</strong></span> <span class='ocrx_word' id='word_1_184' title='bbox 906 2434 1035 2496; x_wconf 89' lang='lat' dir='ltr'><strong>sustinet.</strong></span> <span class='ocrx_word' id='word_1_185' title='bbox 1059 2433 1162 2512; x_wconf 88' lang='lat' dir='ltr'><strong>llagno</strong></span> <span class='ocrx_word' id='word_1_186' title='bbox 1178 2447 1221 2496; x_wconf 90' lang='lat' dir='ltr'><strong>ta-</strong></span> 
     </span>
     <span class='ocr_line' id='line_1_26' title="bbox 215 2515 1220 2593; baseline 0.004 -15"><span class='ocrx_word' id='word_1_187' title='bbox 215 2540 279 2580; x_wconf 90' lang='lat' dir='ltr'><strong>men</strong></span> <span class='ocrx_word' id='word_1_188' title='bbox 293 2520 419 2578; x_wconf 90' lang='lat' dir='ltr'><strong>fomento</strong></span> <span class='ocrx_word' id='word_1_189' title='bbox 437 2516 521 2577; x_wconf 90' lang='lat' dir='ltr'><strong>dolor</strong></span> <span class='ocrx_word' id='word_1_190' title='bbox 534 2535 614 2576; x_wconf 90' lang='lat' dir='ltr'><strong>meus</strong></span> <span class='ocrx_word' id='word_1_191' title='bbox 628 2518 805 2593; x_wconf 88' lang='lat' dir='ltr'><strong>adquiescet,</strong></span> <span class='ocrx_word' id='word_1_192' title='bbox 821 2516 845 2574; x_wconf 91' lang='lat' dir='ltr'><strong>si</strong></span> <span class='ocrx_word' id='word_1_193' title='bbox 863 2515 936 2575; x_wconf 89' lang='lat' dir='ltr'><strong>hunc</strong></span> <span class='ocrx_word' id='word_1_194' title='bbox 954 2517 1054 2578; x_wconf 89' lang='lat' dir='ltr'><strong>saltem</strong></span> <span class='ocrx_word' id='word_1_195' title='bbox 1070 2519 1174 2580; x_wconf 88' lang='lat' dir='ltr'><strong>fortem</strong></span> <span class='ocrx_word' id='word_1_196' title='bbox 1190 2531 1220 2582; x_wconf 88' lang='lat' dir='ltr'><strong>et</strong></span> 
     </span>
     <span class='ocr_line' id='line_1_27' title="bbox 215 2597 1218 2679; baseline 0.005 -18"><span class='ocrx_word' id='word_1_197' title='bbox 215 2600 385 2661; x_wconf 89' lang='lat' dir='ltr'><strong>incolumem</strong></span> <span class='ocrx_word' id='word_1_198' title='bbox 407 2617 561 2678; x_wconf 90' lang='lat' dir='ltr'><strong>paremque</strong></span> <span class='ocrx_word' id='word_1_199' title='bbox 586 2599 627 2658; x_wconf 90' lang='lat' dir='ltr'><strong>illi</strong></span> <span class='ocrx_word' id='word_1_200' title='bbox 652 2600 741 2679; x_wconf 88' lang='lat' dir='ltr'><strong>patri,</strong></span> <span class='ocrx_word' id='word_1_201' title='bbox 765 2597 807 2658; x_wconf 92' lang='lat' dir='ltr'><strong>illi</strong></span> <span class='ocrx_word' id='word_1_202' title='bbox 832 2617 885 2658; x_wconf 86' lang='lat' dir='ltr'><strong>avo</strong></span> <span class='ocrx_word' id='word_1_203' title='bbox 913 2601 1024 2662; x_wconf 88' lang='lat' dir='ltr'><strong>fortuna</strong></span> <span class='ocrx_word' id='word_1_204' title='bbox 1050 2613 1218 2666; x_wconf 86' lang='lat' dir='ltr'><strong>servaverit.</strong></span> 
     </span>
     <span class='ocr_line' id='line_1_28' title="bbox 217 2681 1217 2766; baseline 0.008 -23"><span class='ocrx_word' id='word_1_205' title='bbox 217 2681 305 2743; x_wconf 85' lang='lat' dir='ltr'><strong>Cuius</strong></span> <span class='ocrx_word' id='word_1_206' title='bbox 328 2700 385 2760; x_wconf 91' lang='lat' dir='ltr'><strong>ego</strong></span> <span class='ocrx_word' id='word_1_207' title='bbox 406 2699 458 2762; x_wconf 93' lang='lat' dir='ltr'><strong>pro</strong></span> <span class='ocrx_word' id='word_1_208' title='bbox 480 2682 591 2761; x_wconf 89' lang='lat' dir='ltr'><strong>salute,</strong></span> <span class='ocrx_word' id='word_1_209' title='bbox 620 2701 673 2762; x_wconf 93' lang='lat' dir='ltr'><strong>pro</strong></span> <span class='ocrx_word' id='word_1_210' title='bbox 699 2683 825 2745; x_wconf 88' lang='lat' dir='ltr'><strong>moribus</strong></span> <span class='ocrx_word' id='word_1_211' title='bbox 845 2683 903 2746; x_wconf 93' lang='lat' dir='ltr'><strong>boc</strong></span> <span class='ocrx_word' id='word_1_212' title='bbox 926 2704 988 2748; x_wconf 91' lang='lat' dir='ltr'><strong>sum</strong></span> <span class='ocrx_word' id='word_1_213' title='bbox 1009 2690 1098 2766; x_wconf 87' lang='lat' dir='ltr'><strong>magis</strong></span> <span class='ocrx_word' id='word_1_214' title='bbox 1118 2691 1217 2751; x_wconf 85' lang='lat' dir='ltr'><strong>anxius</strong></span> 
     </span>
     <span class='ocr_line' id='line_1_29' title="bbox 187 2766 1261 2852; baseline 0.009 -28"><span class='ocrx_word' id='word_1_215' title='bbox 187 2766 291 2844; x_wconf 72' lang='lat' dir='ltr'><strong>equod</strong></span> <span class='ocrx_word' id='word_1_216' title='bbox 307 2767 408 2826; x_wconf 88' lang='lat' dir='ltr'><strong>unicus</strong></span> <span class='ocrx_word' id='word_1_217' title='bbox 427 2766 518 2827; x_wconf 88' lang='lat' dir='ltr'><strong>factus</strong></span> <span class='ocrx_word' id='word_1_218' title='bbox 541 2777 595 2827; x_wconf 91' lang='lat' dir='ltr'><strong>est.</strong></span> <span class='ocrx_word' id='word_1_219' title='bbox 627 2767 710 2828; x_wconf 90' lang='lat' dir='ltr'><strong>Nosti</strong></span> <span class='ocrx_word' id='word_1_220' title='bbox 732 2769 761 2827; x_wconf 92' lang='lat' dir='ltr'><strong>in</strong></span> <span class='ocrx_word' id='word_1_221' title='bbox 778 2785 873 2828; x_wconf 89' lang='lat' dir='ltr'><strong>amore</strong></span> <span class='ocrx_word' id='word_1_222' title='bbox 894 2769 1040 2831; x_wconf 91' lang='lat' dir='ltr'><strong>mollitiam</strong></span> <span class='ocrx_word' id='word_1_223' title='bbox 1053 2775 1134 2832; x_wconf 88' lang='lat' dir='ltr'><strong>animi</strong></span> <span class='ocrx_word' id='word_1_224' title='bbox 1149 2775 1261 2852; x_wconf 83' lang='lat' dir='ltr'><strong>mei,30</strong></span> 
     </span>
     <span class='ocr_line' id='line_1_30' title="bbox 214 2851 1218 2934; baseline 0.008 -25"><span class='ocrx_word' id='word_1_225' title='bbox 214 2851 290 2909; x_wconf 89' lang='lat' dir='ltr'><strong>nosti</strong></span> <span class='ocrx_word' id='word_1_226' title='bbox 305 2860 412 2919; x_wconf 90' lang='lat' dir='ltr'><strong>metus;</strong></span> <span class='ocrx_word' id='word_1_227' title='bbox 428 2867 485 2929; x_wconf 87' lang='lat' dir='ltr'><strong>quo</strong></span> <span class='ocrx_word' id='word_1_228' title='bbox 503 2853 594 2912; x_wconf 86' lang='lat' dir='ltr'><strong>minus</strong></span> <span class='ocrx_word' id='word_1_229' title='bbox 612 2862 641 2913; x_wconf 89' lang='lat' dir='ltr'><strong>te</strong></span> <span class='ocrx_word' id='word_1_230' title='bbox 657 2853 749 2912; x_wconf 90' lang='lat' dir='ltr'><strong>mirari</strong></span> <span class='ocrx_word' id='word_1_231' title='bbox 766 2854 911 2930; x_wconf 88' lang='lat' dir='ltr'><strong>oportebit</strong></span> <span class='ocrx_word' id='word_1_232' title='bbox 925 2856 1002 2934; x_wconf 87' lang='lat' dir='ltr'><strong>quod</strong></span> <span class='ocrx_word' id='word_1_233' title='bbox 1019 2855 1167 2934; x_wconf 82' lang='lat' dir='ltr'><strong>plurinum</strong></span> <span class='ocrx_word' id='word_1_234' title='bbox 1182 2861 1218 2918; x_wconf 91' lang='lat' dir='ltr'><strong>ti-</strong></span> 
     </span>
    </p>
   </div>
   <div class='ocr_carea' id='block_1_9' title="bbox 214 2934 818 3016">
    <p class='ocr_par' dir='ltr' id='par_1_11' title="bbox 214 2934 818 3016">
     <span class='ocr_line' id='line_1_31' title="bbox 214 2934 818 3016; baseline 0.008 -25"><span class='ocrx_word' id='word_1_235' title='bbox 214 2951 306 2993; x_wconf 89' lang='lat' dir='ltr'><strong>meam</strong></span> <span class='ocrx_word' id='word_1_236' title='bbox 322 2934 428 3014; x_wconf 81' lang='lat' dir='ltr'><strong>dequo</strong></span> <span class='ocrx_word' id='word_1_237' title='bbox 444 2935 592 3015; x_wconf 92' lang='lat' dir='ltr'><strong>plurimum</strong></span> <span class='ocrx_word' id='word_1_238' title='bbox 606 2954 705 3016; x_wconf 89' lang='lat' dir='ltr'><strong>spero.</strong></span> <span class='ocrx_word' id='word_1_239' title='bbox 737 2936 818 2997; x_wconf 90' lang='lat' dir='ltr'><strong>Vale.</strong></span> 
     </span>
    </p>
   </div>
   <div class='ocr_carea' id='block_1_10' title="bbox 421 3069 1261 3257">
    <p class='ocr_par' dir='ltr' id='par_1_12' title="bbox 421 3069 1261 3257">
     <span class='ocr_line' id='line_1_32' title="bbox 674 3069 766 3132; baseline -0.033 0"><span class='ocrx_word' id='word_1_240' title='bbox 674 3069 766 3132; x_wconf 84' lang='lat' dir='ltr'><strong>XXII.</strong></span> 
     </span>
     <span class='ocr_line' id='line_1_33' title="bbox 421 3168 1261 3257; baseline 0.001 -37"><span class='ocrx_word' id='word_1_241' title='bbox 421 3170 447 3220; x_wconf 93' lang='lat' dir='ltr'><strong>c.</strong></span> <span class='ocrx_word' id='word_1_242' title='bbox 464 3168 588 3222; x_wconf 75' lang='lat' dir='ltr'><strong>numius</strong></span> <span class='ocrx_word' id='word_1_243' title='bbox 607 3169 788 3221; x_wconf 80' lang='lat' dir='ltr'><strong>suurnouro</strong></span> <span class='ocrx_word' id='word_1_244' title='bbox 804 3170 888 3222; x_wconf 80' lang='lat' dir='ltr'><strong>curo</strong></span> <span class='ocrx_word' id='word_1_245' title='bbox 908 3169 967 3222; x_wconf 90' lang='lat' dir='ltr'><strong>soo</strong></span> <span class='ocrx_word' id='word_1_246' title='bbox 985 3170 1011 3221; x_wconf 89' lang='lat' dir='ltr'><strong>s.</strong></span> <span class='ocrx_word' id='word_1_247' title='bbox 1225 3203 1261 3257; x_wconf 69' lang='lat'><strong>35</strong></span> 
     </span>
    </p>
   </div>
   <div class='ocr_carea' id='block_1_11' title="bbox 189 3270 1218 3524">
    <p class='ocr_par' dir='ltr' id='par_1_13' title="bbox 189 3270 1218 3524">
     <span class='ocr_line' id='line_1_34' title="bbox 189 3270 1217 3353; baseline 0 -18"><span class='ocrx_word' id='word_1_248' title='bbox 189 3284 204 3335; x_wconf 90' lang='grc'>1</span> <span class='ocrx_word' id='word_1_249' title='bbox 274 3270 393 3333; x_wconf 90' lang='lat' dir='ltr'><strong>Interfui</strong></span> <span class='ocrx_word' id='word_1_250' title='bbox 414 3273 549 3353; x_wconf 90' lang='lat' dir='ltr'><strong>principis</strong></span> <span class='ocrx_word' id='word_1_251' title='bbox 570 3273 668 3351; x_wconf 91' lang='lat' dir='ltr'><strong>optimi</strong></span> <span class='ocrx_word' id='word_1_252' title='bbox 692 3274 862 3352; x_wconf 89' lang='lat' dir='ltr'><strong>cognitioni,</strong></span> <span class='ocrx_word' id='word_1_253' title='bbox 884 3276 913 3333; x_wconf 94' lang='lat' dir='ltr'><strong>in</strong></span> <span class='ocrx_word' id='word_1_254' title='bbox 934 3273 1084 3335; x_wconf 89' lang='lat' dir='ltr'><strong>consilium</strong></span> <span class='ocrx_word' id='word_1_255' title='bbox 1106 3276 1217 3335; x_wconf 87' lang='lat' dir='ltr'><strong>adsum-</strong></span> 
     </span>
     <span class='ocr_line' id='line_1_35' title="bbox 215 3356 1218 3436; baseline 0.006 -20"><span class='ocrx_word' id='word_1_256' title='bbox 215 3366 292 3436; x_wconf 90' lang='lat' dir='ltr'><strong>ptus.</strong></span> <span class='ocrx_word' id='word_1_257' title='bbox 316 3356 468 3432; x_wconf 75' lang='lat' dir='ltr'><strong>Gymnicus</strong></span> <span class='ocrx_word' id='word_1_258' title='bbox 479 3375 554 3436; x_wconf 91' lang='lat' dir='ltr'><strong>agon</strong></span> <span class='ocrx_word' id='word_1_259' title='bbox 565 3356 640 3435; x_wconf 90' lang='lat' dir='ltr'><strong>apud</strong></span> <span class='ocrx_word' id='word_1_260' title='bbox 650 3356 830 3419; x_wconf 89' lang='lat' dir='ltr'><strong>Viennenses</strong></span> <span class='ocrx_word' id='word_1_261' title='bbox 842 3376 879 3418; x_wconf 83' lang='lat' dir='ltr'><strong>ex</strong></span> <span class='ocrx_word' id='word_1_262' title='bbox 891 3359 1035 3419; x_wconf 88' lang='lat' dir='ltr'><strong>cuiusdam</strong></span> <span class='ocrx_word' id='word_1_263' title='bbox 1046 3369 1218 3422; x_wconf 89' lang='lat' dir='ltr'><strong>testamento</strong></span> 
     </span>
     <span class='ocr_line' id='line_1_36' title="bbox 215 3439 1218 3524; baseline 0.004 -23"><span class='ocrx_word' id='word_1_264' title='bbox 215 3439 422 3501; x_wconf 89' lang='lat' dir='ltr'><strong>celebrabatur.</strong></span> <span class='ocrx_word' id='word_1_265' title='bbox 449 3441 530 3502; x_wconf 93' lang='lat' dir='ltr'><strong>Hunc</strong></span> <span class='ocrx_word' id='word_1_266' title='bbox 545 3439 704 3501; x_wconf 86' lang='lat' dir='ltr'><strong>Trebonius</strong></span> <span class='ocrx_word' id='word_1_267' title='bbox 717 3441 851 3521; x_wconf 85' lang='lat' dir='ltr'><strong>Rufinus,</strong></span> <span class='ocrx_word' id='word_1_268' title='bbox 864 3444 907 3502; x_wconf 84' lang='lat' dir='ltr'><strong>vir</strong></span> <span class='ocrx_word' id='word_1_269' title='bbox 925 3446 1060 3520; x_wconf 88' lang='lat' dir='ltr'><strong>egregius</strong></span> <span class='ocrx_word' id='word_1_270' title='bbox 1075 3445 1218 3524; x_wconf 84' lang='lat' dir='ltr'><strong>nobisque</strong></span> 
     </span>
    </p>
   </div>
   <div class='ocr_carea' id='block_1_12' title="bbox 0 0 1298 4116">
    <p class='ocr_par' dir='ltr' id='par_1_14' title="bbox 0 0 1298 4116">
     <span class='ocr_line' id='line_1_37' title="bbox 0 0 1298 4116; baseline 0 0"><span class='ocrx_word' id='word_1_271' title='bbox 0 0 1298 4116; x_wconf 95' lang='lat' dir='ltr'><strong> </strong></span> 
     </span>
    </p>
   </div>
  </div>
 </body>
</html>
