2588 4116
221 271 986 351 ners'ruuunuuse.-sn[rr.-19.ou-9a]
1043 270 1106 333 aaa

101 425 196 486 lectus
214 422 340 486 cohortis
360 423 556 502 plenissimum
577 424 768 484 testimonium
787 423 923 486 meruerit
937 423 1001 484 Iulii
1016 422 1106 485 Fero·

102 510 144 572 ois
165 518 196 569 et
216 506 303 570 Fusci
324 507 507 585 Salinatoris,
531 506 749 568 clarissimorum
763 507 895 568 virorum.
928 507 1023 570 bleum
1037 525 1105 588 gau·
1185 559 1190 568 .

101 593 176 654 dium
191 610 340 671 meamque
354 592 572 671 gratulationem
586 590 635 652 lilii
649 591 760 652 honore
779 592 942 656 continebo.

392 723 571 786 nxxxvun
595 723 811 804 [nxxxmurq

241 868 247 877 ,
320 823 347 878 0.
364 823 490 877 PLINIUS
507 823 652 874 TRAIANO
670 823 880 876 IMPERATORI.

163 925 251 1005 Opto,
266 926 396 1004 domine,
412 936 442 987 et
455 925 532 987 buno
546 925 667 987 natalem
683 935 713 987 et
727 925 864 1006 plurimos
879 925 950 986 alios
965 943 1047 1005 quam
1062 926 1104 986 le·
1139 931 1142 935 ’

100 1010 254 1072 licissimos
274 1028 343 1088 agas
364 1019 536 1090 aeternaque
556 1009 640 1071 laude
663 1009 812 1071 florentem
830 1009 941 1071 virtutis
960 1020 1027 1071 tuae
1041 1010 1104 1088 glo·

100 1095 170 1156 riam
185 1095 289 1173 [quam]
302 1093 452 1155 incolumis
466 1105 496 1156 et
507 1094 590 1155 fortis
600 1093 662 1189 aliis
673 1111 762 1173 super
772 1093 828 1156 alia
840 1095 976 1174 operibus
988 1113 1104 1172 augeas.

60 1187 92 1239 ¹⁰
461 1225 754 1306 lxxxv1111.[xo]

436 1327 601 1379 TRAIANUS
615 1326 721 1377 PLINIO
737 1325 764 1376 S.

163 1431 301 1509 Agnosco
321 1439 387 1490 vota
407 1439 469 1508 tua,
491 1432 528 1490 mi
549 1429 682 1490 Seounde
699 1430 862 1507 carissime,
885 1427 988 1506 quibus
1004 1445 1104 1506 preca·

99 1515 140 1575 ris
155 1523 186 1574 ut
206 1514 345 1591 plurimos
361 1523 390 1575 et
404 1513 588 1600 felicissimos
604 1513 712 1574 natales
728 1513 850 1575 florente
866 1521 940 1572 statu
953 1513 996 1572 rei
1011 1510 1104 1590 publi·

58 1607 90 1659 15
101 1616 152 1658 eae
167 1607 282 1659 nostrae
297 1615 387 1676 agam.

508 1732 536 1793 x
564 1778 570 1792 .
631 1729 679 1793 cl.
753 1780 756 1784 .

326 1831 352 1882 o.
370 1831 495 1884 nnrurus
509 1729 657 1883 monlxuo
672 1733 882 1881 manarum.

163 1931 362 2011 Sinopenses‚
388 1933 518 2010 domine,
546 1951 619 2011 aqua
640 1932 823 2000 deliciantur-3
847 1948 920 2009 quae
940 1929 1053 1989 videtur
1073 1937 1128 1994 etl

55 2015 174 2085 nobona
188 2023 218 2074 et
239 2016 359 2094 eopiosa
373 2016 409 2076 ab
424 2024 508 2076 sexto
523 2016 636 2076 ‹lenimo
651 2015 769 2075 miliario
784 2031 875 2094 posse
887 2013 1017 2091 perduoi.
1049 2009 1103 2072 Est

99 2107 193 2158 tamen
208 2099 302 2158 statim
316 2098 352 2158 ab
368 2099 462 2178 eapite
481 2097 567 2178 paulo
582 2097 702 2177 amplius
720 2096 798 2157 mille
813 2096 945 2174 passibus
959 2094 1041 2155 loeus
1056 2112 1103 2153 so·
1196 2109 1200 2116 ·

99 2189 219 2258 spectus
234 2190 264 2241 et
277 2180 391 2258 mollis,
413 2199 499 2260 quem
515 2199 572 2259 ego
592 2182 705 2242 interim
718 2179 861 2261 explorari
876 2177 989 2239 modico
1004 2179 1103 2256 inpen-

100 2264 147 2324 dio
169 2265 257 2342 iussi,
278 2283 314 2326 an
330 2266 465 2344 recipere
485 2274 515 2325 et
535 2265 677 2327 sustinere
692 2282 766 2343 opus
784 2263 885 2343 possit.
916 2261 1040 2323 Pecunia
1055 2271 1130 2322 oua

99 2348 225 2409 rantibus
239 2350 322 2410 nobis
338 2357 484 2411 eontracta
497 2366 555 2410 non
570 2348 678 2428 deerit,
695 2350 779 2425 situ,
794 2346 925 2424 domine,
940 2345 997 2405 lroe
1011 2362 1104 2422 genus

55 2439 90 2492 25
102 2433 198 2509 operis
223 2442 254 2493 et
274 2433 432 2496 salubritati
452 2443 482 2496 et
502 2434 663 2495 amoenitati
683 2431 767 2493 valde
782 2431 904 2492 sitientis
919 2428 1050 2491 ooloniae
1064 2429 1105 2486 in·

99 2515 231 2578 dulseris.

497 2598 574 2662 xci.
598 2599 711 2680 {xcii}

432 2699 599 2752 maianus
619 2699 724 2750 PLINIO
740 2698 767 2752 S.

163 2798 200 2859 Ut
216 2799 356 2879 eoepisti,
373 2799 507 2862 Secunde
522 2803 686 2882 carissime,
711 2801 830 2882 explora
844 2799 996 2879 diligenter
1010 2818 1045 2860 an
1062 2799 1105 2860 lo·

55 2901 151 2956 mous
167 2882 218 2944 ille
235 2902 320 2962 quem
336 2894 503 2965 suspectum
520 2884 611 2948 babes
631 2888 775 2948 sustinere
796 2903 870 2965 opus
895 2903 986 2964 aquae
1003 2883 1104 2945 duetus

99 2969 200 3046 possit.
232 2965 337 3048 Neque
354 2968 428 3030 enim
448 2969 630 3030 dubitandum
652 2980 721 3050 puto
742 2970 809 3050 quin
828 2987 901 3048 aqua
920 2967 1105 3046 perducenda

99 3054 177 3114 sitin
192 3051 333 3114 coloniam
353 3052 560 3134 Sinopensem,
581 3056 606 3116 si
624 3055 709 3115 modo
733 3063 763 3115 et
781 3053 889 3113 viribus
911 3052 971 3113 suis
985 3050 1105 3128 adsequi

99 3145 214 3281 potissi,
237 3136 466 3217 cumplurimum
485 3155 521 3198 ea
539 3157 587 3200 res
610 3147 640 3199 et
660 3137 817 3199 salubritati
837 3145 868 3197 et
887 3133 1027 3210 voluptati
1042 3135 1104 3194 eius

100 3239 135 3282 co
167 3230 246 3282 atura
263 3219 309 3281 sit.

55 3324 90 3378 aa
479 3317 570 3381 xcu.
595 3315 724 3397 [xcruq

324 3417 352 3468 O.
369 3416 495 3469 PLINIUS
513 3417 659 3468 Tunlnuo
674 3415 884 3470 lmpnnn‘roal.

160 3520 360 3584 Amisenorum
373 3521 472 3582 civitas
485 3519 576 3581 libera
591 3508 620 3580 et
635 3517 783 3580 foederata
799 3516 941 3578 beneiloio
958 3515 1106 3595 indulgen·
1187 3519 1191 3526 '
1216 3522 1221 3529 ’
