2588 4116
251 253 314 317 254
695 252 727 311 C.
749 250 843 311 l'llb'l
1263 39 1273 323 l

251 416 410 483 conspectu
427 404 568 463 Romanae
590 404 698 464 subolis
713 405 831 481 inpleri,
857 420 956 462 omnes
980 414 1078 463 tamen
1100 416 1168 465 unte
1182 424 1246 484 quun

251 504 278 551 te
297 494 425 549 riderent
442 490 586 547 adireutvc
603 492 691 565 recipi
708 489 791 546 incidi
806 490 930 563 iussisti,
960 498 990 547 ut
1012 492 1069 547 inm
1091 490 1160 549 iude
1173 492 1205 549 ab
1217 494 1246 549 iu·

251 576 333 633 santia
361 582 505 651 parentem
532 571 675 649 publicum
699 590 814 630 munere
841 570 1021 631 educationis
1049 576 1244 651 experirentur,

250 666 416 719 crescerent
432 658 467 715 de
483 666 532 716 tuo
547 658 594 733 rpui
612 665 777 715 crescerent
793 657 858 731 tibi,
874 655 1077 735 alimentisque
1094 661 1154 717 tuis
1169 656 1244 717 adsti-

250 743 351 821 pendia
364 750 409 799 tua
425 743 625 817 peruenirent,
642 748 803 817 tantumque
820 757 919 799 omnes
934 740 982 797 uni
999 741 1051 799 tibi
1066 752 1201 818 quandum
1209 742 1258 819 pst

249 826 375 885 rentibus
390 826 449 882 suis
466 826 587 902 piisque
605 822 732 883 deberet.
754 822 856 899 Recte,
873 820 990 899 Caesar,
1010 824 1094 901 quod
1108 844 1190 904 spem
1202 824 1245 883 llo
1271 862 1279 899 ,

249 912 320 967 mani
337 909 456 965 nominis
472 908 631 984 sumptibus
647 909 702 967 tuis
717 909 849 985 suscipis.
873 905 989 965 Nullum
1003 917 1052 968 est
1067 912 1149 968 euim
1161 925 1244 985 magno
1273 908 1276 919 '

250 994 379 1069 principe
408 990 691 1068 inmortalitatemque
718 994 851 1050 merituro
876 990 1002 1068 inpendii
1028 1010 1128 1068 genus
1151 993 1245 1069 ‹lignim

249 1092 331 1153 «piram
347 1074 423 1151 quiid
437 1084 571 1149 erogatur
586 1077 613 1132 in
626 1084 769 1152 posteros.
790 1073 964 1151 locupletes
975 1074 1012 1133 ad
1026 1075 1176 1136 tollendos
1189 1075 1246 1135 libe·

250 1178 296 1219 ros
314 1160 437 1235 ingentia
454 1162 575 1235 praemia
593 1166 621 1216 et
637 1175 720 1233 pares
735 1176 844 1235 poenae
859 1157 1058 1225 adhortantur;
1087 1159 1278 1239 paperons

250 1244 386 1303 educandi
403 1261 455 1301 una
473 1245 542 1301 ratio
558 1252 603 1301 est
618 1242 709 1301 bonus
726 1244 870 1319 princeps.
892 1240 944 1300 llic
963 1242 1067 1302 tiducia
1086 1245 1134 1303 sui
1146 1262 1247 1323 procre-

250 1338 311 1387 atos
335 1330 386 1385 nisi
404 1326 481 1401 larga
496 1344 577 1385 manu
593 1326 686 1401 iuret,
713 1334 815 1402 auget,
837 1325 1036 1403 amplectitur,
1058 1345 1197 1388 oceasum
1208 1328 1247 1384 im·

252 1416 340 1490 perii,
357 1428 491 1469 occasum
506 1412 547 1469 rei
565 1409 696 1487 publicae
711 1408 856 1468 adcelerat
867 1408 1032 1487 frustraque
1045 1428 1188 1488 proceres
1198 1409 1245 1489 ple·

252 1498 288 1555 be
303 1495 454 1570 neglecta,
477 1503 506 1552 nt
527 1494 671 1553 deiectum
689 1510 812 1570 corpore
829 1502 913 1570 caput
932 1502 1158 1574 nutatururnque
1177 1498 1247 1553 insta·

253 1578 300 1637 bili
324 1578 466 1654 pondere,
496 1586 597 1635 tuetur.
632 1577 728 1636 Facile
747 1587 791 1636 est
811 1578 974 1636 coniectare
991 1579 1072 1655 quod
1091 1578 1271 1658 perceperislt

253 1662 399 1739 grrrrdinm,
422 1678 485 1718 cnm
500 1670 528 1720 te
545 1672 691 1738 parentum
705 1660 861 1720 liberorum
874 1679 975 1720 senum
989 1662 1141 1722 inlautiurn
1156 1678 1247 1741 puero

251 1764 310 1803 rum
326 1744 432 1803 clamor
446 1748 606 1821 exciperet.
629 1744 706 1805 Haec
723 1746 810 1822 prima
825 1744 1007 1823 parvulorum
1021 1746 1130 1805 civium
1142 1764 1198 1805 rou
1209 1762 1247 1803 ou·

251 1848 297 1887 res
311 1838 372 1887 tuas
386 1829 485 1899 inbuit,
502 1830 603 1906 quibus
616 1840 646 1889 to
659 1829 773 1888 daturus
787 1828 927 1904 alimenta,
944 1829 1000 1888 boc
1012 1833 1166 1890 maximum
1177 1847 1247 1908 prue-

250 1913 346 1971 stitisti
366 1931 401 1970 ne
422 1924 565 1989 rogarent.
601 1914 695 1992 Super
715 1915 805 1972 omnia
823 1922 869 1973 est
892 1921 985 1973 tamen
1007 1915 1087 1992 quod
1102 1914 1164 1974 talis
1179 1932 1211 1973 es
1223 1918 1248 1968 ot

199 2009 239 2074 εἶ
253 1997 304 2058 sub
320 2006 348 2055 te
366 1996 472 2056 liberos
495 1997 599 2057 tollere
614 1998 700 2057 libeat
715 1997 859 2075 expediat.
901 1995 994 2056 Nemo
1008 1999 1064 2057 iarn
1082 2016 1184 2077 parens
1198 1995 1274 2055 lituu

252 2084 304 2140 nisi
332 2081 491 2158 fragilitatis
516 2082 652 2141 hnmanae
678 2085 758 2141 vices
785 2081 900 2156 horret,
932 2100 989 2140 nec
1017 2084 1096 2142 inter
1121 2078 1245 2142 insonabi·
1275 2070 1281 2155 l

251 2166 293 2227 les
311 2167 426 2226 morbos
442 2167 578 2245 principis
595 2170 634 2225 ira
649 2175 816 2225 numeratur.
849 2164 981 2242 blegnnm
995 2166 1115 2244 quidem
1129 2176 1173 2226 est
1189 2163 1245 2223 edu·

251 2252 331 2309 carrrli
352 2253 557 2311 incitamentum
580 2251 682 2310 tollere
707 2250 815 2310 liberos
835 2253 863 2308 in
883 2268 964 2328 spem
986 2248 1246 2325 alimentum,iu
1277 2246 1280 2251 '

251 2354 332 2415 spem
349 2337 569 2413 congiariorum:
585 2337 673 2394 maius
690 2344 799 2411 tamen,
817 2335 844 2394 in
860 2351 943 2411 spero
957 2332 1116 2411 libertatis,
1132 2336 1163 2394 in
1176 2347 1246 2411 spen

251 2422 421 2479 securitatis.
444 2422 539 2497 Atque
554 2420 626 2479 adeo
641 2418 708 2477 nibil
724 2418 858 2496 largiatur
871 2418 1024 2497 princeps,
1040 2417 1105 2477 dum
1121 2416 1195 2476 nibil
1210 2420 1270 2477 ltu-b

252 2504 338 2569 ieram
359 2520 414 2561 non
428 2503 500 2577 alat,
524 2501 588 2560 dum
602 2520 658 2562 non
673 2503 800 2562 occidat:
822 2520 877 2562 nec
893 2501 1014 2562 deerunt
1026 2501 1074 2580 qui
1095 2500 1174 2561 lilios
1190 2518 1245 2561 con·

252 2587 409 2660 cepissent.
437 2583 540 2643 Contra
556 2585 690 2660 largiatur
703 2596 733 2645 et
747 2586 874 2663 auferat,
888 2585 944 2646 alat
958 2594 988 2646 et
1002 2585 1133 2646 occidat:
1155 2604 1193 2645 ne
1206 2583 1245 2643 illo

250 2670 333 2727 etiarn
347 2669 428 2727 brevi
445 2676 573 2744 tempore
589 2669 719 2728 effecerit
734 2678 764 2728 ut
781 2690 880 2731 omnes
894 2689 950 2730 non
973 2680 1159 2749 posterorum
1172 2667 1244 2727 modo

250 2750 301 2809 sed
316 2754 359 2810 sui
372 2760 574 2830 parentumque
588 2755 739 2831 paeniteat.
762 2754 903 2829 Quocirca
915 2754 982 2814 nihil
994 2755 1086 2832 magis
1098 2756 1127 2814 in
1139 2765 1188 2815 toa
1196 2760 1244 2812 tou

251 2835 419 2895 liberalitate
435 2834 605 2896 laudaverim
620 2857 702 2917 quam
718 2839 794 2917 quod
810 2841 984 2917 congiarium
997 2837 1050 2899 das
1067 2838 1104 2898 de
1119 2848 1188 2917 tuo,
1202 2835 1272 2899 att-u

250 2930 342 2980 ruente
358 2920 393 2980 de
410 2930 474 2997 tuo,
491 2939 584 3001 neque
598 2941 614 2983 a
628 2933 657 2983 te
673 2922 755 2984 liberi
767 2927 883 3000 civium,
900 2933 930 2983 ut
942 2923 1063 2982 ferarum
1079 2922 1179 3001 catuli,
1193 2938 1243 2981 san·
1276 2904 1282 2973 l

250 3006 335 3083 guine
356 3016 385 3066 et
407 3006 541 3067 caedibus
565 3008 734 3075 nutriuntur;
759 3008 892 3087 quodque
913 3009 1104 3084 gratissimum
1120 3016 1169 3068 est
1182 3005 1244 3065 ucci-

251 3092 409 3170 pientibus,
430 3093 523 3151 seiont
538 3091 596 3151 dari
611 3093 665 3153 sibi
681 3093 758 3170 quod
773 3092 875 3152 nemini
890 3102 935 3152 est
952 3100 1103 3168 ereptum,
1124 3088 1247 3168 locuple-

250 3179 372 3258 tatisque
385 3185 438 3236 tam
451 3176 544 3237 multis
558 3179 756 3256 pauperiorem
767 3194 834 3237 esse
846 3176 950 3236 luctum
962 3177 1122 3254 principem
1134 3184 1248 3239 tuntnm;

251 3280 415 3341 quamquam
430 3281 468 3323 ue
483 3262 557 3322 bunc
573 3261 694 3340 quidem.
717 3259 787 3321 Nam
804 3261 884 3321 cuius
896 3271 941 3321 est
956 3258 1095 3337 quidquid
1105 3269 1154 3320 est
1169 3256 1248 3319 omni·

199 3366 240 3427 23
253 3363 315 3423 rim,
339 3357 443 3406 tantum
465 3348 528 3426 ipse
550 3355 681 3424 qnantum
705 3363 803 3405 ornnes
820 3345 914 3405 babet.
957 3343 1022 3402 Alio
1043 3362 1089 3403 me
1103 3353 1191 3404 vocat
1205 3358 1249 3401 ιιιι-

231 3422 234 3427 ’
253 3446 364 3491 morosa
378 3432 469 3507 gloria
485 3439 545 3489 tua:
561 3430 617 3490 alio
634 3426 749 3491 autem?
764 3430 844 3507 qnasi
860 3446 930 3488 vero
946 3428 1000 3487 iarn
1016 3428 1084 3488 satis
1099 3435 1250 3488 veneratus

252 3513 423 3593 oriretusque
435 3518 488 3575 sim
502 3515 577 3593 quod
591 3524 693 3575 tantam
705 3516 851 3592 pecuniam
864 3513 1027 3593 profudisti,
1039 3528 1097 3571 uon
1110 3523 1142 3572 nt
1158 3509 1249 3589 flagitii

71 3608 194 3800 Ὗ
1260 3774 1290 3995 ι
