2588 4116
423 233 688 295 innuentibus
702 245 795 298 ibit.
804 245 847 300 46.
1074 239 1136 302 265

132 400 250 460 somno,
273 382 440 461 frugalitatis
457 384 584 445 luxuriae
601 405 713 447 merces
729 386 824 462 datur,
849 388 948 448 eadem
963 391 1018 450 ista
1033 391 1135 469 quibus

132 467 205 528 alios
217 467 324 529 artibus
335 467 488 529 adsecutos
500 470 597 529 vident
608 478 822 530 consectantur:
837 472 994 550 qualesque
1008 483 1073 534 sunt
1082 473 1134 552 illi,

133 552 206 612 tales
223 569 290 612 esse
306 561 336 611 et
350 551 440 612 videri
455 552 572 627 uolunt,
595 562 625 613 et
640 553 704 614 dum
718 553 834 632 volunt,
856 555 932 615 bunt.
969 555 1007 616 Et
1022 558 1133 635 priores
1145 559 1187 621 45

134 636 248 714 quidem
265 637 427 716 principes,
451 646 576 714 excepto
592 645 672 715 patre
685 646 752 714 tuo,
768 648 919 716 praeterea
934 657 990 698 uno
1005 650 1052 700 aut
1067 639 1136 700 alte·

109 732 185 796 oro,
211 729 244 790 et
261 721 342 779 nimis
363 719 435 795 dini,
462 721 537 780 vitiis
559 721 655 797 potius
671 722 774 780 civium
788 739 870 799 quam
885 723 1034 784 uirtutibus
1050 722 1136 784 laeta·

131 804 247 863 bantur:
268 805 402 881 primum,
419 803 497 881 quod
511 805 539 862 in
554 802 609 862 alio
624 822 675 864 sua
691 822 832 883 quemque
846 815 944 871 natura
958 806 1134 867 delectat...

133 888 257 965 denique
272 886 349 964 quod
364 889 547 964 patientiores
562 888 706 948 servitutis
721 888 922 949 arbitrabantur
934 907 1007 968 quos
1020 909 1076 949 nnn
1087 889 1136 950 de·

133 979 214 1030 ceret
231 988 298 1031 esse
317 972 371 1030 nisi
391 987 500 1033 servos.
538 968 644 1030 Horum
664 973 692 1031 in
713 974 803 1032 sinum
824 975 915 1032 omnia
931 974 1135 1050 congerebant,

132 1055 226 1114 bonos
246 1062 339 1113 autern
355 1055 412 1113 otio
428 1072 463 1113 ac
477 1056 533 1112 situ
549 1055 696 1115 abstrusos
712 1064 742 1115 et
762 1058 841 1133 quasi
863 1056 995 1134 sepultos
1012 1058 1136 1117 nonnisi

89 1145 125 1196 10
133 1137 323 1197 delationibus
339 1145 368 1196 et
379 1136 515 1215 periculis
530 1139 557 1196 in
568 1138 705 1199 lncemac
715 1140 788 1199 diem
800 1140 993 1219 proferebant.
1015 1139 1058 1199 Tu
1070 1143 1135 1200 ami·

134 1238 186 1280 cos
203 1238 241 1279 ex
255 1220 369 1297 optimis
384 1218 474 1297 legis;
491 1229 520 1280 et
533 1220 658 1282 Hercule
673 1240 795 1301 aequum
811 1233 856 1283 εει
873 1241 940 1282 εεεε
956 1241 1008 1282 ens
1024 1225 1136 1284 carissi·

132 1321 195 1362 mos
212 1304 287 1362 bono
302 1304 423 1383 principi
438 1304 485 1381 qui
497 1306 579 1363 invisi
589 1304 662 1364 malo
676 1304 787 1364 fuerint.
811 1306 887 1382 Scis,
905 1315 934 1365 ut
948 1315 1013 1365 sunt
1025 1305 1137 1365 diversa
1155 1300 1159 1307 ’

133 1397 232 1447 natura
254 1385 404 1446 dominatio
422 1395 452 1446 et
464 1388 657 1464 principatus,
681 1391 719 1448 ita
738 1405 794 1448 non
809 1386 871 1447 aliis
893 1407 961 1448 esse
978 1390 1136 1465 principem

134 1470 289 1548 gratiorem
312 1488 395 1549 quarn
415 1473 463 1548 qui
485 1471 604 1531 maxime
628 1470 768 1531 dominum
788 1481 948 1548 graventur.
984 1471 1043 1532 llos
1065 1488 1136 1549 ergo

91 1567 124 1618 15
134 1553 270 1633 provehis
292 1565 322 1615 et
343 1563 469 1616 ostentas
491 1557 571 1633 quasi
591 1557 739 1632 specimen
759 1565 788 1615 et
809 1555 971 1633 exemplar,
998 1572 1071 1633 quae
1086 1554 1146 1624 tibi,

134 1648 215 1698 secta
229 1639 315 1715 vitae,
332 1638 407 1717 quod
422 1639 563 1698 hominum
576 1657 668 1716 genus
683 1638 809 1718 placeat;
835 1648 864 1698 et
878 1639 943 1699 ideo
959 1657 1015 1698 non
1034 1657 1136 1699 censu·

133 1738 192 1780 ram
209 1720 317 1800 adbuc,
345 1740 401 1783 non
418 1723 625 1801 praefecturam
640 1740 749 1783 morum
764 1726 916 1802 recepisti,
941 1724 1005 1801 quia
1021 1723 1070 1783 tibi
1086 1723 1136 1782 be·

134 1804 244 1867 neirciis
258 1807 353 1884 potius
365 1824 448 1884 quam
458 1805 591 1867 remediis
604 1809 717 1886 ingenia
730 1817 826 1876 nostra
838 1808 961 1887 experiri
972 1806 1075 1885 placet.
1098 1804 1136 1865 Et

133 1887 238 1966 alioqui
259 1892 358 1950 nescio
381 1908 416 1949 an
434 1890 500 1968 plus
520 1891 646 1950 moribus
670 1891 799 1951 conferat
818 1893 953 1969 princeps
974 1891 1022 1968 qui
1044 1891 1138 1949 bonos

91 1974 203 2032 boesse
219 1975 324 2049 patitur
345 1990 427 2050 quarn
441 1974 489 2049 qui
510 1975 597 2048 cogit.
637 1972 793 2033 Flexibiles
808 1990 1013 2051 quamcumque
1030 1974 1058 2030 in
1074 1991 1137 2050 par·

134 2063 191 2113 tem
206 2055 332 2113 ducimur
345 2072 362 2114 a
378 2055 508 2133 principe
521 2064 624 2132 atque,
648 2064 678 2114 nt
692 2057 730 2114 ita
745 2054 850 2132 dicam,
876 2072 1017 2132 sequaces
1031 2072 1136 2112 sumus.

134 2136 208 2196 lluic
220 2139 294 2196 enirn
309 2138 384 2212 ceri,
398 2136 464 2195 huic
478 2136 590 2215 probati
607 2155 673 2198 esse
691 2139 836 2216 cupimus,
860 2137 936 2215 quod
951 2137 1054 2197 frustra
1070 2154 1136 2212 spe·

134 2221 258 2280 raverint
279 2219 445 2288 dissimiles;
472 2237 566 2298 eoque
587 2219 716 2299 obsequii
731 2221 939 2280 continuatione
955 2221 1138 2298 pervenimus

134 2313 166 2362 nt
184 2320 276 2382 prope
300 2321 399 2365 omnes
421 2303 549 2363 homines
567 2305 650 2363 unius
664 2305 789 2365 moribus
806 2306 941 2363 vivamus.
976 2302 1064 2362 Porro
1080 2320 1137 2362 non

91 2392 125 2444 25
135 2397 190 2447 tam
210 2389 325 2448 sinistre
347 2389 528 2448 constitutum
543 2396 587 2447 est
606 2397 656 2465 ut,
680 2389 729 2467 qui
744 2386 845 2447 malum
860 2389 1019 2467 principem
1034 2403 1135 2465 possu-

134 2490 212 2549 mus,
235 2472 340 2532 bonum
353 2489 410 2532 non
427 2473 569 2550 possimus
585 2473 695 2532 imitari.
729 2471 822 2549 Perge
842 2471 942 2549 modo,
963 2469 1084 2543 Caesar,
1107 2479 1137 2530 et

134 2556 190 2613 virn
202 2555 394 2633 effectumque
411 2573 549 2616 censurae
563 2565 638 2616 tuum
652 2558 846 2635 propositum,
873 2557 914 2615 tni
931 2565 1011 2615 actus
1028 2553 1135 2614 obtine·

135 2638 213 2697 bunt.
232 2636 302 2697 Nam
318 2640 375 2698 vita
388 2641 523 2718 principis
540 2658 659 2702 censura
675 2650 719 2701 est
735 2657 826 2718 eaque
842 2648 994 2718 perpetua:
1013 2637 1047 2697 ad
1064 2637 1137 2696 banc

135 2721 296 2797 dirigimur,
323 2720 358 2781 ad
373 2720 445 2782 banc
463 2725 668 2799 convertimur,
690 2741 744 2783 nec
760 2734 815 2785 tam
830 2725 948 2800 imperio
964 2722 1047 2782 nobis
1064 2736 1137 2800 opus

92 2809 179 2864 deest
196 2810 278 2882 quam
295 2804 436 2882 exemplo.
474 2804 589 2886 Quippe
602 2805 723 2866 infidelis
739 2810 811 2868 recti
824 2809 961 2884 magister
976 2815 1021 2866 est
1033 2815 1136 2864 metus.

134 2887 238 2948 blelius
261 2888 388 2948 homines
404 2888 544 2968 exemplis
561 2888 716 2967 docentur,
733 2893 848 2969 quaein
865 2892 962 2969 primis
982 2889 1039 2948 boc
1059 2890 1086 2947 in
1104 2907 1136 2947 se

134 2972 202 3032 boni
217 2971 337 3050 habent,
355 2971 432 3050 quod
450 2972 607 3051 adprobant
625 2992 698 3052 quae
713 2976 889 3053 praecipiunt
904 2975 965 3032 lieri
979 2990 1076 3050 posse.
1098 2970 1135 3029 Et
1148 2966 1190 3028 46

135 3058 198 3134 quis
216 3065 308 3115 terror
325 3055 461 3117 valuisset
475 3057 593 3116 efficere
610 3057 685 3135 quod
702 3059 861 3118 reverentia
876 3058 917 3116 tui
932 3050 1050 3115 effecit?
1080 3053 1137 3112 Ob·

134 3141 216 3199 tinuit
230 3138 331 3217 aliquis
347 3150 378 3207 ut
395 3139 591 3218 spectaculum
605 3142 838 3219 pantomimorum
855 3137 977 3216 populus
994 3136 1137 3194 Romanus

92 3223 198 3283 botolli
214 3231 376 3301 pateretur,
393 3224 446 3283 sed
461 3240 518 3282 non
533 3222 652 3283 obtinuit
668 3234 698 3284 ut
712 3222 809 3283 vellet.
831 3221 960 3298 Rogatus
976 3228 1049 3279 estu
1062 3217 1138 3296 quod

134 3307 258 3382 cogebat
271 3305 357 3381 alius,
376 3309 531 3384 coepitque
545 3325 611 3366 esse
626 3306 795 3366 beneficium
809 3305 886 3384 quod
899 3304 1058 3363 necessitas
1075 3301 1136 3360 iue-

132 3397 183 3448 rat.
207 3387 309 3466 Neque
322 3391 396 3449 enim
411 3408 427 3449 a
444 3398 472 3449 te
489 3392 597 3449 minore
614 3398 756 3449 concentu
768 3398 798 3448 ut
812 3387 933 3448 tolleres
948 3386 1137 3466 pantomimos

133 3490 216 3550 quam
230 3491 245 3531 a
264 3482 343 3550 patre
363 3482 412 3533 tuo
428 3481 458 3532 nt
471 3474 637 3533 restitueret
648 3481 778 3532 exactum
793 3481 848 3532 est.
871 3469 1025 3548 Utrumque
1040 3477 1136 3528 recte·
