2588 4116
126 205 187 268 194
546 201 581 262 G.
604 201 702 263 PblNl

126 377 194 438 que,
210 359 329 434 agnosci
346 374 397 432 se,
413 357 498 414 amari
514 364 610 433 putat,
626 364 698 414 amat
712 356 792 432 ipse:
809 360 911 413 neuter
925 352 1018 429 timet,
1033 362 1139 414 neuter

101 445 254 506 ttimetur:
282 440 364 499 huius
385 438 504 517 fiducia,
527 437 713 499 mansuetudo
733 437 809 497 illius
831 441 968 514 augetur.'
993 435 1058 496 Nec
1080 455 1137 498 non

127 525 173 586 alii
190 526 270 603 pueri
287 524 387 583 dextra
408 523 548 602 laevaque
569 521 651 582 simul
669 531 737 582 eunt
753 522 900 582 hortantes
916 530 1136 601 monentesque.

126 609 188 670 lhat
203 626 258 669 una
271 607 315 686 (id
331 623 448 685 quoque
464 605 579 683 mirum)
594 604 745 684 delphinus
761 605 850 683 alius,
866 613 970 666 tantum
985 615 1138 683 spectator

129 704 157 754 et
179 709 285 752 comes.
320 688 395 750 Nihil
413 691 486 750 enim
506 687 599 749 simile
614 697 660 750 aut
675 688 799 750 faciebat
815 696 862 749 aut
881 689 1058 767 patiebatur,
1085 690 1163 752 sedt

100 777 246 843 saltarum
259 775 338 834 illum
354 773 478 835 ducebat
498 772 733 852 reducebatque,
751 781 782 832 ut
801 790 922 852 puerum
937 774 1028 833 ceteri
1043 777 1138 852 pueri.

127 858 311 936 Incredibile,
329 866 384 918 tam
395 875 494 917 rerum
505 866 599 916 tamen
611 872 694 934 qnam
709 858 815 935 priora,
831 855 995 936 delphinum
1008 867 1138 935 gestato-

126 961 187 1004 rem
209 942 448 1019 conlusoremque
469 956 624 1020 puerorum
644 941 673 999 in
694 950 798 1000 terram
818 957 933 1021 quoque
957 942 1069 1001 extrahi
1091 961 1138 1002 so·

126 1028 205 1087 litum
223 1027 393 1103 harenisque
414 1025 569 1101 siccatum,
596 1025 644 1084 ubi
663 1022 847 1102 incaluisset,
868 1026 897 1084 in
916 1041 994 1084 mare
1014 1026 1136 1085 revolvi.

100 1110 245 1175 aconstat
258 1109 406 1169 Octavium
417 1108 542 1185 Avitum,
559 1107 686 1186 legatum
697 1124 750 1186 pro
764 1106 895 1185 consule,
911 1107 1018 1169 inlitus
1031 1109 1137 1170 educto
1148 1125 1180 1176 10

125 1194 265 1272 religione
282 1210 368 1272 prava
382 1190 580 1272 superfudisse
594 1200 778 1269 unguentum,
795 1193 876 1253 cuius
890 1190 968 1252 illum
982 1195 1137 1254 novitatem

128 1277 303 1357 odoremque
319 1280 347 1337 in
364 1276 450 1338 altum
464 1275 609 1354 refugisse
626 1293 682 1336 uec
696 1277 750 1336 nisi
763 1285 831 1356 post
845 1275 950 1337 multos
967 1274 1031 1338 dies
1046 1279 1137 1339 visum

126 1361 290 1441 languidum
306 1370 336 1422 et
349 1371 496 1438 maestum,
513 1378 581 1421 mox
596 1360 714 1421 redditis
728 1361 834 1421 viribus
850 1362 976 1439 priorem
992 1360 1137 1422 lasciviam

85 1461 119 1512 lo
129 1457 157 1507 et
172 1447 256 1508 solita
270 1447 423 1507 ministeria
436 1445 591 1523 repetisse.
622 1443 809 1505 Confluebant
824 1461 923 1505 omnes
938 1443 973 1504 ad
984 1455 1137 1524 spectacu-

128 1530 185 1590 lum
201 1531 398 1608 magistratus,
421 1547 540 1608 quorum
557 1526 681 1589 adventu
698 1538 728 1588 et
739 1546 818 1588 mora
832 1528 945 1590 modica
959 1547 1008 1589 res
1021 1528 1138 1609 publica
1148 1549 1177 1600 15

127 1616 209 1674 novis
232 1613 390 1691 sumptibus
418 1613 601 1674 atterebatur.
641 1611 789 1673 Postremo
815 1613 898 1674 locus
922 1613 987 1692 ipse
1012 1616 1139 1693 quietem

128 1716 207 1759 suam
221 1704 423 1775 secretumque
435 1696 584 1775 perdebat.
604 1693 713 1756 Placuit
730 1696 846 1758 occulte
868 1698 989 1758 interfici
1009 1699 1045 1759 ad
1061 1698 1138 1779 quod

85 1796 118 1846 11
130 1782 269 1841 coibatur.
292 1778 371 1841 llaec
383 1789 413 1840 tu
423 1798 478 1859 qua
487 1781 679 1858 miseratione,
696 1798 752 1857 qua
764 1784 848 1860 copia
864 1782 997 1861 deflebis,
1010 1783 1136 1859 ornabis,

127 1863 256 1925 attolles!
279 1861 453 1942 Quamquam
467 1881 524 1926 uon
539 1874 585 1925 est
597 1880 670 1942 opus
682 1864 808 1944 adtingas
819 1864 981 1946 aliquidaut
992 1866 1137 1928 adstruas:

127 1947 233 2008 suflicit
246 1966 284 2009 ne
300 1966 334 2009 ea
350 1966 424 2027 quae
440 1959 506 2009 sunt
521 1967 590 2009 vera
606 1949 772 2009 minuantur.
806 1949 887 2012 Vale.
1147 1960 1180 2012 to

562 2082 708 2145 XXllllll.

381 2181 407 2232 o.
428 2182 552 2235 ruinius
568 2183 772 2245 ranuouuuo
792 2184 852 2239 suo
869 2184 895 2238 a.

102 2300 117 2350 1
186 2281 308 2362 Explica
322 2293 432 2345 aestum
452 2302 554 2344 meum.
585 2286 679 2347 dudio
700 2304 745 2347 me
766 2285 840 2346 male
856 2283 973 2362 legere,
995 2285 1141 2348 dumtaxat

126 2385 243 2438 versum
270 2370 414 2429 orationes
432 2368 506 2428 enim
527 2369 720 2447 commodius,
744 2368 796 2428 sed
818 2377 893 2428 tanto
915 2367 1006 2425 minus
1021 2385 1179 2439 versusaa

128 2450 234 2529 Cogito
250 2470 333 2531 ergo,
346 2455 517 2515 recitaturus
534 2452 714 2513 familiaribus
729 2452 844 2528 amicis,
862 2451 987 2530 experiri
1003 2450 1140 2516 libertum

127 2553 229 2595 mcum.
251 2535 314 2597 lloc
330 2555 445 2617 quoque
465 2535 600 2597 familiare
622 2535 699 2614 quod
712 2534 789 2611 elegi
804 2551 861 2595 non
876 2535 951 2595 bene
967 2535 1021 2596 scd
1032 2538 1139 2601 melius

102 2620 284 2699 electurum,
306 2622 331 2680 si
349 2630 443 2681 tamen
462 2637 519 2679 non
533 2617 617 2677 fuerit
631 2617 822 2695 perturbatus.
854 2619 908 2682 Est
923 2621 998 2680 enim
1012 2629 1067 2682 tam
1085 2643 1136 2685 no·

126 2723 180 2764 vus
201 2704 296 2766 lector
314 2723 396 2784 quam
414 2721 470 2782 ego
486 2707 584 2782 poeta
612 2700 681 2781 lpse
695 2703 796 2765 nescio
814 2704 882 2784 quid
896 2705 945 2765 illo
959 2705 1079 2783 legente
1095 2709 1137 2767 in-

127 2790 209 2850 terim
223 2790 335 2868 faciam,
350 2789 467 2851 sedeam
479 2786 588 2847 defixus
599 2795 691 2849 mutus
708 2797 738 2848 et
751 2788 849 2850 similis
861 2791 955 2853 otioso
967 2808 1013 2868 an,
1030 2800 1062 2850 ut
1074 2793 1180 2870 qui-do

127 2871 207 2952 dam,
223 2892 297 2954 quae
317 2871 507 2952 pronuntiabit
526 2887 668 2934 murmure
684 2872 776 2935 oculis
790 2891 872 2935 nanu
888 2892 1056 2956 prosequar.
1077 2875 1138 2935 Sed

127 2967 197 3037 puto
218 2976 264 3018 me
283 2974 340 3018 non
353 2957 446 3019 miuus
460 2955 533 3018 male
549 2955 655 3020 saltare
669 2976 752 3038 quam
769 2957 882 3038 legere.
913 2960 1019 3022 lterum
1033 2959 1137 3038 dicam,

128 3042 242 3121 explica
256 3051 364 3104 aestum
377 3060 471 3103 meum
485 3060 613 3124 vereque
628 3044 759 3105 rescribe
770 3061 836 3105 num
846 3045 884 3107 sit
895 3044 996 3106 melius
1009 3045 1137 3123 pessime

126 3125 228 3204 legere
244 3144 326 3207 quam
339 3128 393 3190 ista
407 3126 456 3189 val
470 3145 526 3190 non
541 3127 638 3190 facere
651 3126 700 3190 vel
714 3128 822 3191 facere.
845 3128 928 3192 Vale.

63 3350 79 3381 γ’
117 3271 230 3371 N
572 3263 688 3327 xxxv.

437 3364 465 3419 G.
486 3362 612 3415 PLINIUS
630 3361 727 3413 stato
746 3362 806 3415 SUO
820 3361 847 3416 S.

1144 3223 1179 3277 35

111 3498 127 3559 j
189 3432 303 3527 hibmm
315 3485 399 3549 quem
414 3468 513 3529 misisti
524 3465 625 3545 recepi
640 3473 669 3527 et
683 3465 789 3545 gratias
803 3482 868 3543 ogo·
889 3461 957 3524 Sum
971 3473 1064 3524 tamen
1079 3464 1134 3525 11⁰0

12 3570 117 3779 ,
