2588 4116
160 236 202 297 :32
586 231 619 292 C.
642 230 739 291 Pblb'l

160 390 232 447 enim
247 406 313 447 esse
326 404 487 463 congruens
499 384 637 459 arbitror,
656 401 740 462 quem
755 400 862 459 augere
880 380 1034 441 bonoribus
1053 382 1163 460 cupias,

160 474 224 531 bule
243 474 356 549 pietatis
374 470 463 529 titulis
480 469 623 527 innidere.
644 471 691 546 qui
710 476 773 527 sunt
794 466 922 524 omnibns
935 465 1089 525 honoribus
1101 466 1164 541 pul·

133 556 299 621 sobriores.
330 554 424 613 l'ideo
436 556 537 627 etiam,
559 570 622 610 eum
639 556 675 611 sit
694 552 842 627 egregium
859 558 887 609 et
904 552 1007 608 mereri
1025 550 1165 609 beneficia

160 650 189 699 et
207 639 292 709 dare,
311 648 456 715 utramque
474 647 504 696 te
521 635 632 693 laudem
650 635 731 694 simul
743 634 959 707 adsecuturum,
978 636 1002 692 si
1014 633 1091 710 qnod
1102 636 1164 711 ipse

159 726 286 783 meruisti
304 721 349 782 alii
367 723 485 780 tribuas.
517 718 669 779 Praeterea
686 717 825 794 intellego
842 718 908 776 mibi
929 735 1044 794 quoque
1055 717 1191 794 gloriaeb

161 808 241 883 lore,
261 809 286 866 si
305 824 344 865 ex
361 806 416 863 boc
433 813 483 863 tuo
501 803 578 863 lacto
595 821 651 862 non
663 803 747 862 luerit
761 805 886 878 ignotum
898 804 1005 860 amieos
1016 819 1097 859 meos
1109 818 1165 860 non

134 902 264 967 igerere
282 898 388 949 tantum
407 889 563 947 tribunatus
578 905 667 966 posse
682 905 780 945 verum
802 888 884 943 etiam
896 884 972 944 dare.
1001 884 1095 957 Quare
1109 902 1165 961 ego

162 992 230 1033 uero
242 974 459 1033 honestissimae
472 971 607 1031 voluntati
619 982 684 1030 tuae
697 988 795 1049 pareo·
813 968 915 1046 Neque
927 970 999 1027 enim
1011 969 1102 1027 adbuc
1114 985 1164 1026 no-

160 1076 224 1116 men
236 1059 407 1115 innumeros
419 1054 538 1114 relatum
550 1063 610 1131 est,
630 1054 753 1132 ideoque
772 1053 892 1112 liberum
908 1063 952 1111 est
971 1053 1054 1113 nobis
1075 1051 1165 1110 Silua-

161 1159 225 1199 num
237 1142 264 1198 in
280 1140 375 1199 locum
386 1149 463 1197 tunm
475 1138 612 1205 subdere;
637 1142 682 1198 cui
702 1139 787 1216 cupio
798 1147 852 1195 tam
864 1145 974 1214 gratum
987 1155 1053 1196 esse
1065 1155 1164 1195 munus
1175 1148 1208 1199 10

161 1235 238 1283 tuum
253 1241 335 1302 quam
346 1223 396 1282 tibi
408 1241 500 1283 meum
513 1231 566 1282 est.
586 1221 667 1281 l'ale.

620 1355 712 1415 l‘llll.

263 1512 267 1517 ,
330 1458 356 1508 c.
378 1455 501 1506 tuturus
519 1456 678 1505 cinnano
697 1454 865 1504 rrrxrcrsso
885 1453 945 1504 suo
964 1454 991 1505 s

137 1577 152 1626 1
222 1558 340 1617 Possum
357 1560 412 1615 iam
429 1557 611 1633 perscribere
623 1557 674 1615 tibi
687 1559 860 1634 quantumin
873 1556 987 1634 publiea
1000 1557 1164 1634 provinciae
1176 1572 1207 1622 15

135 1641 295 1707 2Baeticae
308 1658 394 1701 eausa
409 1639 516 1700 laboris
529 1640 715 1700 exhauserim.
737 1639 807 1699 Nam
820 1639 871 1699 luit
886 1639 1034 1718 multiplex
1046 1651 1164 1718 actaque

162 1735 207 1785 est
224 1726 339 1802 saepius
357 1741 421 1782 cum
437 1742 537 1800 magna
555 1726 700 1783 varietate.
724 1724 806 1783 Unde
816 1722 960 1784 varietas?
979 1726 1052 1783 unde
1067 1724 1165 1803 plures

161 1804 310 1868 actiones?
328 1806 471 1865 Caecilius
489 1805 652 1885 Classicus,
675 1807 760 1867 borno
779 1809 882 1868 loedus
900 1819 929 1869 et
946 1818 1046 1887 aperte
1064 1808 1163 1885 malus,

160 1889 391 1969 proconsulatum
408 1893 435 1949 in
453 1908 487 1949 ea
503 1909 560 1951 non
576 1894 666 1951 minus
684 1891 825 1951 violenter
841 1910 924 1970 quam
939 1892 1054 1952 sordide
1065 1912 1164 1970 gesse·

134 1983 202 2042 3rat
216 1974 317 2034 eodem
335 1992 407 2034 anno
424 1992 481 2053 quo
501 1977 528 2033 in
546 1974 642 2035 Alrica
655 1975 760 2036 ilarius
776 1977 898 2036 Priscus.
920 1975 989 2037 Erat
1001 1986 1093 2037 autern
1107 1976 1207 2035 Pri-20

161 2078 229 2117 scus
245 2076 281 2117 ex
294 2057 427 2136 Baetica,
441 2077 477 2117 ex
488 2058 585 2120 Africa
597 2059 753 2121 Classicus.
778 2061 848 2120 lnde
860 2061 963 2120 dictum
974 2061 1164 2137 baeticorum,

160 2151 191 2201 ut
208 2142 378 2222 plerumque
396 2143 478 2204 dolor
496 2145 579 2203 etiam
598 2156 736 2207 venustos
753 2144 837 2223 lacit,
859 2163 914 2204 non
925 2145 1079 2223 inlepidum
1090 2145 1165 2203 lere·

134 2226 243 2293 abatur
260 2226 337 2286 ‘dedi
356 2228 459 2288 malum
477 2238 506 2288 et
522 2232 646 2307 accepi!
674 2229 731 2289 Sed
745 2227 862 2287 blasium
874 2247 927 2286 urna
940 2231 1037 2288 ciuitas
1050 2230 1165 2305 publice

161 2310 297 2390 multique
316 2314 415 2390 privati
430 2331 509 2372 reum
527 2321 715 2389 peregerunt,
734 2314 762 2369 in
780 2311 937 2369 Classicum
949 2319 1008 2368 tota
1019 2314 1165 2384 provincia

136 2396 295 2459 bincubuit.
324 2395 377 2454 Ille
395 2396 606 2455 accusationem
624 2393 672 2452 uel
690 2393 803 2451 fortuita
823 2389 870 2447 vel
894 2389 1050 2448 voluntaria
1071 2402 1207 2453 morte25

162 2480 326 2555 praevertit.
345 2475 415 2534 Nam
427 2478 478 2535 luit
489 2492 566 2533 mors
579 2478 640 2533 eius
652 2474 771 2548 infamis,
784 2473 913 2548 ambigua
927 2482 1034 2531 tamen:
1047 2482 1077 2532 ut
1090 2477 1164 2532 enim

162 2559 300 2621 credibile
316 2556 464 2616 videbatur
479 2556 607 2616 voluisse
630 2556 708 2614 exire
733 2554 862 2632 devita,
887 2573 950 2615 curn
973 2555 1086 2616 defendi
1107 2574 1163 2617 non

160 2652 277 2719 posset,
300 2642 338 2698 ita
358 2642 455 2697 mirum
479 2638 616 2718 pudorem
640 2638 824 2699 damnationis
838 2650 930 2700 morte
951 2640 1062 2717 lugisse
1080 2659 1164 2719 quem

136 2740 216 2793 onon
239 2724 387 2804 puduisset
410 2721 561 2782 damnanda
588 2724 773 2783 committere.
818 2723 913 2785 Nihilo
938 2728 1028 2785 minus
1050 2725 1163 2786 Baetica

162 2810 243 2867 ctiam
257 2808 284 2866 in
303 2804 428 2865 defuncti
440 2808 622 2866 accusatione
634 2808 787 2886 perstabat,
810 2810 957 2870 Provisum
969 2811 1025 2870 hoc
1036 2810 1161 2888 legibus,
1172 2816 1206 2870 30

162 2892 347 2949 intermissum
365 2899 457 2949 tamen
476 2900 588 2969 etpost
606 2890 718 2969 longam
738 2894 977 2973 intercapedinem
996 2903 1063 2954 tunc
1080 2895 1162 2953 redu·

162 2984 245 3033 ctum.
268 2972 443 3034 Addiderunt
454 2973 563 3035 Baetici
577 2975 651 3053 quod
664 2976 746 3036 simul
759 2979 856 3039 socios
868 2981 1068 3057 ministrosque
1084 2976 1163 3038 Clas·

161 3059 213 3117 sici
238 3056 398 3117 detulerunt
422 3060 639 3139 nominatimque
657 3061 685 3119 in
704 3079 755 3120 eos
772 3063 982 3141 inquisitionem
999 3063 1163 3143 postulave-

136 3149 233 3204 'lrnnt
256 3142 378 3203 Aderam
390 3143 515 3204 Baeticis
526 3162 694 3223 mecumque
706 3144 845 3207 Lucceius
857 3146 994 3222 Albinus,
1015 3149 1059 3206 vir
1075 3150 1103 3207 in
1123 3147 1162 3207 di·

162 3226 253 3289 cendo
267 3228 403 3305 copiosus
421 3238 535 3289 ornatus
543 3251 550 3297 ;
570 3247 655 3309 quem
669 3246 725 3308 ego
739 3248 803 3290 cum
815 3230 882 3290 olim
894 3241 989 3291 mutuo
1002 3231 1204 3308 diligeremus

134 3320 198 3369 ttox
216 3310 268 3371 hac
287 3311 374 3373 oflicii
391 3314 530 3373 societate
544 3332 636 3374 amare
654 3314 796 3375 ardentius
816 3315 909 3393 coepi.
939 3314 1031 3375 Habet
1050 3316 1162 3393 quidem

160 3392 267 3471 gloria,
280 3396 307 3453 in
320 3396 418 3457 studiis
430 3400 614 3476 praesertim,
628 3397 758 3475 quiddam
769 3390 1015 3477 ἀκοινώνητον,
1028 3401 1110 3460 nobis
1123 3410 1163 3459 ta·

161 3494 224 3537 rnen
241 3476 347 3537 nullum
360 3488 520 3559 certamen,
538 3482 616 3542 nulla
634 3484 795 3560 contentio,
816 3501 879 3542 cum
890 3492 1012 3561 uterque
1023 3486 1083 3562 pari
1095 3485 1161 3559 iugo

73 3702 155 3816 ἱ
