2588 4116
259 219 301 281 60
686 211 719 272 C.
742 210 839 272 PLINI

234 370 450 433 4delinimentis
470 368 675 445 refringantur:
704 366 876 425 hebetentur
896 363 1018 423 fortasse
1041 372 1070 421 et
1091 364 1206 442 paulum
1226 385 1269 426 re·

235 454 427 529 otundantur,
451 451 537 510 evelli
559 450 674 529 quidem
697 449 919 526 extorquerique
942 464 998 505 non
1020 458 1149 524 possunt.
1164 447 1270 527 'igitur

261 556 318 597 nou
333 548 441 597 temere
465 537 519 593 iam
540 552 614 594 nuno
636 533 672 594 de
693 534 877 592 universitate
900 533 1067 608 pronuntio,
1090 531 1126 590 de
1141 535 1290 610 partibus·

263 624 393 700 experiar
407 617 541 695 legendo.
574 615 657 680 Vale.

726 746 802 807 rvr.
1040 768 1145 864 tan
1275 716 1290 770 ⁵

552 848 578 899 C.
597 847 724 899 PLINIUS
740 847 855 898 NEPOTI
875 846 934 897 SUO
951 843 976 895 S.

234 970 248 1019 1
322 953 484 1012 Adnotasse
499 952 599 1011 videor
611 952 687 1012 lacta
698 952 830 1030 dictaque
842 952 966 1010 virorum
976 948 1200 1028 iemiuarumque
1213 951 1267 1011 alia

233 1037 379 1101 ‘bolarium
395 1054 461 1098 esse
478 1036 531 1095 alia
546 1037 659 1095 maiora.
689 1034 858 1095 Confirmata
875 1042 919 1093 est
941 1033 1035 1111 opinio
1051 1050 1115 1091 mea
1129 1033 1267 1096 hesterno

259 1120 381 1180 Fanniae
395 1137 538 1181 sermone.
560 1117 662 1198 Neptis
676 1119 749 1179 haec
763 1119 863 1178 Amlae
878 1116 953 1176 illius
969 1134 1041 1194 quae
1056 1119 1155 1177 marito
1171 1127 1200 1177 et
1215 1137 1264 1179 so·
1286 1138 1291 1173 ι

259 1203 362 1263 lacimn
384 1206 481 1264 mortis
503 1212 532 1262 et
555 1202 719 1282 exemplum
740 1203 802 1263 luit.
831 1200 921 1260 Multa
942 1200 1086 1260 referebat
1101 1203 1180 1261 aviae
1197 1221 1266 1263 suae

259 1305 316 1347 non
331 1290 439 1347 minora
456 1287 511 1347 hoc
527 1288 579 1348 sed
596 1287 777 1354 obscuriora;
800 1304 872 1363 quae
894 1285 944 1343 tibi
966 1286 1097 1343 existimo
1113 1293 1169 1344 tarn
1183 1289 1265 1347 mira·

233 1371 326 1438 3bilia
341 1371 450 1448 legenti
464 1372 538 1448 fore,
556 1389 638 1450 quam
652 1371 718 1430 milri
730 1369 853 1430 audienti
864 1369 983 1428 luerunt.
1006 1367 1181 1445 Aegrotabat
1193 1368 1264 1431 Gae-

261 1458 322 1515 cina
338 1454 451 1531 Paetus,
469 1457 583 1514 maritus
600 1457 680 1532 eius,
698 1454 864 1532 aegrotabat
879 1463 908 1511 et
925 1451 1014 1528 lilius,
1032 1460 1152 1531 uterque
1167 1456 1264 1514 morti·

259 1539 337 1614 fere,
356 1548 386 1596 ut
407 1538 568 1597 videbatur:
587 1538 660 1597 iilius
682 1537 807 1596 decessit
828 1537 929 1596 eximia
951 1534 1176 1614 pulchritudine,
1200 1540 1294 1615 parit

259 1621 441 1697 verecundia,
459 1631 486 1680 et
502 1622 668 1699 parentibus
684 1639 740 1680 non
754 1623 845 1681 miuus
862 1621 898 1680 ob
914 1618 967 1678 alia
983 1637 1074 1695 carus,
1092 1638 1175 1699 quam
1187 1621 1264 1699 quod

231 1703 332 1770 uldius
354 1714 420 1763 erat.
455 1703 527 1763 lluic
548 1704 596 1763 illa
616 1707 653 1764 ita
675 1705 757 1764 iuuus
779 1707 901 1781 paravit,
924 1705 962 1762 ita
983 1703 1060 1763 duxit
1081 1707 1217 1783 exequias
1233 1716 1263 1764 ut

257 1790 400 1863 ignoraret
411 1789 541 1846 maritus:
558 1789 731 1866 quinimmo,
748 1791 878 1867 quotiens
892 1787 1051 1846 cubiculum
1062 1789 1123 1848 eius
1134 1791 1260 1865 intraret,

256 1872 354 1929 vivere
370 1869 456 1929 lilium
471 1880 556 1949 atque
568 1874 652 1931 etiam
665 1873 885 1933 commodiorem
897 1890 964 1930 esse
976 1871 1133 1949 simulabat,
1150 1890 1184 1931 ao
1197 1891 1260 1950 per·

257 1972 345 2032 saepe
367 1957 551 2033 interroganti
573 1956 639 2034 quid
661 1967 762 2034 ageret
783 1974 855 2035 puer
869 1955 1062 2034 respondebat
1077 1955 1164 2015 ‘hene
1181 1952 1292 2034 quie-ti

231 2041 307 2115 5vit,
324 2038 446 2099 libenter
462 2041 555 2099 cibum
570 2043 711 2119 sumpsit!
734 2040 861 2117 Deinde,
879 2057 943 2098 cum
959 2039 1004 2098 diu
1021 2039 1163 2098 cohibitae
1179 2039 1259 2099 lacri-

256 2139 318 2181 mae
334 2124 482 2183 vinoerent
496 2135 789 2204 prorumperentque,
807 2123 1022 2201 egrediebatur:
1038 2132 1103 2182 tunc
1120 2141 1152 2182 se
1169 2123 1259 2184 dolori

257 2205 355 2266 dabat:
379 2211 478 2268 satiata
493 2211 580 2269 siccis
596 2209 687 2270 oculis
706 2210 865 2287 composito
881 2207 960 2266 vultu
974 2206 1099 2283 redibat,
1121 2216 1259 2285 tamquam

230 2292 405 2358 eorhiraten
425 2293 495 2352 ioris
511 2292 683 2370 reliquisset.
714 2291 891 2349 Praeclarum
906 2288 1018 2364 quidem
1033 2288 1102 2348 illud
1119 2290 1255 2367 eiusdem,

254 2374 362 2433 ferrum
377 2377 529 2451 stringere,
545 2374 699 2452 perfodere
716 2381 827 2448 pectus,
846 2370 995 2429 extrahere
1011 2373 1176 2450 pugionem,
1194 2390 1256 2452 por·
1275 2381 1278 2392 ’

253 2459 350 2532 rigere
372 2459 488 2530 marito,
512 2455 616 2515 addere
637 2470 740 2513 vocem
760 2450 944 2510 immortalem
969 2468 1003 2509 ac
1023 2468 1113 2528 paene
1138 2455 1259 2516 divinam

254 2536 361 2612 ‘Paete,
380 2556 435 2596 nou
453 2538 554 2597 dolet!
575 2536 634 2595 Sed
648 2546 741 2595 tamen
755 2537 808 2594 ista
823 2534 938 2593 facienti
947 2579 955 2610 ,
978 2536 1031 2594 ista
1047 2534 1151 2594 dicenti
1167 2539 1259 2614 gloria
1277 2578 1280 2583 -

253 2627 282 2679 et
301 2621 452 2678 aeternitas
474 2629 538 2679 ante
561 2617 661 2678 oculos
685 2628 778 2685 erant;
801 2634 858 2695 quo
880 2619 969 2678 maius
992 2620 1113 2679 estsine
1131 2625 1259 2698 praemio

252 2704 438 2779 aeternitatis,
455 2704 515 2761 sine
532 2705 657 2780 praemio
672 2701 783 2778 glorIae
798 2701 905 2761 abdere
920 2701 1067 2778 lacrimas,
1085 2705 1200 2779 operire
1215 2706 1257 2764 lu-

225 2791 338 2861 tctum,
355 2787 516 2864 amissoque
532 2785 589 2844 iilic
604 2795 721 2845 matrem
737 2785 827 2845 adhuc
843 2804 941 2863 agere.
965 2786 1166 2847 Scribonianus
1181 2807 1255 2848 arma
1266 2810 1281 2843 a

250 2869 278 2926 in
293 2867 410 2942 Illyrico
427 2877 524 2929 contra
541 2868 687 2929 Claudium
701 2879 845 2930 moverat:
861 2871 953 2930 iuerat
968 2869 1070 2930 Paetus
1085 2873 1113 2929 in
1128 2872 1255 2950 partibus

223 2957 281 3010 8et
296 2954 394 3012 occiso
410 2952 595 3012 Scriboniano
611 2954 729 3014 Romam
744 2955 914 3014 trahebatur.
940 2953 1008 3014 Erat
1022 2973 1192 3015 ascensurus
1207 2974 1253 3015 na·

249 3053 327 3095 vem:
344 3036 426 3096 Arria
440 3035 542 3095 milites
559 3039 656 3098 orabat
671 3049 701 3098 ut
716 3037 796 3098 simul
812 3040 1003 3117 inponeretur.
1028 3037 1150 3117 ‘Nempe
1166 3041 1252 3098 enim⁷
1269 3092 1275 3107 ,,

248 3119 344 3201 inquid
365 3120 468 3180 ‘daturi
490 3122 559 3181 estis
582 3123 723 3182 consulari
739 3125 800 3182 viro
816 3122 948 3183 servolos
965 3122 1085 3202 aliquos,
1103 3140 1221 3200 quorum
1236 3136 1273 3181 e:

248 3220 330 3262 manu
346 3205 440 3264 cibum
457 3207 560 3283 capiat,
577 3224 593 3264 a
609 3208 711 3284 quibus
721 3209 868 3284 vestiatur,
884 3207 1012 3285 aquibus
1027 3206 1177 3266 calcietur:
1194 3223 1260 3265 om··

221 3289 293 3348 9nia
309 3288 371 3348 sola
384 3290 560 3367 praestabo!
583 3287 647 3350 Non
659 3292 832 3368 impetrarit:
850 3291 983 3350 conduxit
995 3293 1173 3368 piscatoriam
1185 3309 1269 3351 nau-1

248 3371 340 3431 culam
360 3376 519 3452 ingensque
540 3376 683 3451 navigium
708 3376 820 3434 minimo
841 3383 940 3434 secuta
964 3383 1017 3434 est.
1049 3373 1157 3435 Eadem
1178 3374 1263 3452 apud-

248 3452 396 3516 Claudium
422 3459 502 3518 uxori
530 3457 724 3537 Scriboniani,
751 3475 815 3517 cum
835 3457 883 3519 illa
906 3458 1087 3536 profiteretur
1106 3457 1250 3535 iudicium,
