2588 4116
422 221 688 284 enunciamus
707 233 751 287 37.
765 234 807 288 38.
821 233 865 286 39.
1084 226 1146 290 acl

141 373 248 443 scindi;
264 372 371 433 nullum
386 376 454 434 tanti
470 393 537 435 esse
552 355 675 452 vectigal
692 375 768 454 quod
783 374 891 436 liberos
906 393 940 435 ac
956 387 1089 455 parentes
1106 379 1146 439 la-

142 467 223 520 ceret
244 465 404 518 erinaceos.
438 456 581 519 Hactenus
603 458 667 518 ille:
691 460 804 536 parcius
819 459 941 520 fortasse
956 478 1038 538 quarn
1053 460 1198 525 decuit38

142 543 278 622 optimum
293 543 467 620 principem,
495 542 548 602 scd
568 560 624 602 non
646 544 758 620 parcius
778 550 859 621 qua‘m
879 544 1013 621 optimum
1026 553 1145 623 patrem,

136 627 190 705 ⁵qui
203 626 346 703 optimum
357 625 552 703 adoptaturus,
569 626 625 686 boc
640 643 754 704 quoque
770 627 895 703 parentis
909 625 1146 704 indulgentissimi

113 710 228 786 clecit,
255 709 332 787 quod
351 708 494 769 delibasse
515 708 652 787 quaedam
667 727 719 769 seu
736 711 830 787 potius
849 711 1060 771 demonstrasse
1079 730 1146 772 con-

140 801 253 868 tentus,
275 790 382 870 largam
397 810 431 852 ac
447 810 539 871 propo
553 795 683 853 intactam
698 793 774 853 bene
789 793 911 854 faciendi
929 796 1073 854 materiam
1088 795 1146 855 lilio

140 878 307 937 reservavit.
344 876 442 937 Statim
460 894 531 954 ergo
550 878 658 936 muneri
681 878 743 937 eius
764 876 920 937 liberalitas
941 887 987 937 tua
1009 877 1147 939 adstruxit

141 969 181 1036 ut,
196 959 429 1038 quemadmodum
443 961 470 1019 in
482 962 569 1039 patris
581 960 666 1038 lilius,
677 962 720 1021 sic
732 961 760 1020 in
771 960 930 1021 hereditate
941 960 991 1020 lilii
1003 971 1085 1040 pater
1096 981 1144 1023 es-

141 1053 186 1105 set
201 1046 338 1121 inmunis,
353 1061 408 1104 nec
423 1043 525 1103 eodem
541 1053 683 1104 momento
700 1061 757 1122 quo
773 1049 854 1123 pater
869 1063 937 1105 esse
951 1043 1076 1107 desisset
1090 1046 1146 1105 boc

97 1135 132 1187 io
142 1144 257 1206 quoquc
273 1128 415 1189 amitteret
430 1127 506 1204 quod
522 1127 633 1189 luisset.
666 1127 812 1206 Egregie,
832 1125 956 1204 Caesar,
973 1127 1048 1207 quod
1064 1129 1146 1189 lacri-

140 1229 199 1270 mas
217 1219 363 1288 parentum
376 1209 536 1288 vectigales
552 1229 620 1272 esse
634 1230 690 1271 non
701 1213 818 1290 pateris.
837 1211 916 1271 Bona
930 1209 979 1271 lilii
992 1221 1073 1289 pater
1084 1214 1146 1274 sine

142 1294 332 1354 deminutione
348 1294 511 1374 possideat,
528 1312 583 1354 nec
598 1296 707 1355 socium
720 1293 884 1354 hereditatis
897 1294 1020 1370 accipiat
1032 1297 1147 1373 quinon

140 1377 228 1437 babet
244 1375 355 1438 luctus:
371 1396 454 1438 uenio
469 1385 615 1437 recentem
630 1388 659 1438 et
673 1379 816 1437 attonitam
831 1378 980 1437 orbitatem
995 1377 1030 1437 ad
1040 1394 1147 1455 conpu-

140 1462 276 1521 tationem
297 1471 384 1522 vocet
410 1469 553 1540 cogatque
574 1470 683 1540 patrem
705 1460 772 1539 quid
797 1459 945 1538 reliquerit
965 1459 1039 1522 lilius
1060 1461 1147 1522 scire.

97 1546 131 1599 15
140 1545 262 1623 Augen,
279 1555 376 1623 patres
388 1546 561 1623 conscripti,
578 1546 715 1624 principis
727 1563 844 1622 munus,
861 1562 924 1604 curn
943 1543 1063 1605 ostendo
1075 1542 1147 1604 libe-

139 1629 242 1689 ralitati
256 1629 319 1689 eius
333 1631 431 1691 inesse
448 1629 595 1690 rationem.
617 1627 742 1689 Ambitio
757 1629 872 1688 enimet
887 1628 1017 1688 iactantia
1032 1637 1061 1688 et
1076 1628 1147 1688 ellu-

140 1715 184 1774 sio
200 1723 229 1773 et
247 1714 357 1791 quidvis
373 1715 469 1793 potius
484 1730 567 1792 quam
581 1713 737 1774 liberalitas
753 1712 938 1774 existimanda
953 1719 999 1773 est
1014 1713 1059 1772 cui
1075 1713 1146 1771 ratio

140 1814 195 1856 non
207 1806 325 1859 constat.
334 1796 458 1876 Dignum
468 1815 551 1875 ergo,
564 1799 728 1878 imperator,
739 1795 953 1857 mausuetudine
963 1804 1010 1856 tua
1020 1797 1146 1855 minuere

140 1880 267 1941 orbitatis
288 1883 401 1944 iniurias
422 1900 478 1942 nee
500 1883 558 1959 pati
576 1898 744 1960 quemquam
764 1880 822 1941 lilio
842 1882 948 1941 amisso
962 1880 1082 1957 insuper
1099 1878 1146 1939 ad-

96 1970 131 2022 20
141 1963 188 2023 liei
203 1963 259 2023 alio
276 1963 385 2026 dolore.
414 1965 463 2024 Sic
479 1979 594 2042 quoque
608 1963 719 2024 abunde
733 1966 837 2024 misera
850 1981 899 2023 res
914 1972 976 2040 cst,
992 1971 1074 2041 pater
1088 1962 1146 2023 lilio

139 2046 219 2108 solus
231 2047 332 2108 heres:
345 2047 447 2124 quidsi
459 2046 632 2107 coheredem
643 2064 699 2106 non
712 2045 796 2107 alilio
807 2043 949 2125 accipiat?
963 2044 1045 2105 note
1058 2047 1145 2123 quod,

142 2147 206 2189 eum
222 2129 304 2189 divus
318 2128 414 2190 Nerva
429 2131 572 2192 sanxisset
587 2139 617 2189 ut
635 2131 664 2189 in
679 2130 803 2208 paternis
818 2129 900 2189 bouis
916 2127 998 2189 liberi
1017 2130 1146 2189 necessi-

141 2222 198 2273 tate
215 2214 371 2274 vicesimae
385 2212 584 2291 solverentur,
611 2230 774 2290 congruens
788 2222 848 2271 erat
866 2211 984 2271 eandem
999 2211 1147 2271 inmunita-

140 2306 198 2357 tem
218 2297 352 2375 parebtes
372 2298 400 2357 in
420 2296 574 2357 liberorum
586 2297 671 2359 bonis
685 2296 824 2357 obtinere.
860 2293 919 2355 Gur
933 2296 1006 2354 enim
1021 2296 1146 2371 posteris

97 2393 130 2444 25
140 2379 260 2461 amplior
269 2381 361 2441 bonor
372 2398 455 2460 quam
465 2381 618 2444 maioribus
628 2376 803 2441 baberetur?
819 2397 906 2440 curve
917 2396 974 2439 non
984 2389 1062 2438 retro
1077 2395 1147 2456 quo·

140 2484 196 2544 quc
212 2475 375 2526 recurreret
387 2467 515 2545 aequitas
527 2462 648 2527 eadem?
669 2463 712 2524 'lu
725 2463 855 2542 quidem,
874 2461 996 2538 Caesar,
1011 2461 1087 2522 illam
1098 2480 1147 2522 ex·

141 2548 304 2627 ceptionem
317 2552 463 2612 removisti
478 2549 614 2611 ‘simodo
631 2549 705 2609 lilius
720 2549 749 2607 in
764 2556 907 2626 potestate
919 2547 1006 2625 patris
1020 2545 1147 2623 fuisset',

139 2633 266 2709 intuitus,
282 2633 393 2710 opinor,
408 2635 465 2693 vim
479 2633 632 2712 legemque
646 2642 774 2710 naturae,
790 2650 862 2710 quae
875 2647 991 2708 semper
1002 2630 1031 2690 iu
1042 2629 1147 2691 ditione

140 2724 287 2793 parentum
309 2733 376 2776 esse
398 2715 506 2778 liberos
527 2719 624 2791 iussit,
649 2734 704 2777 uec
721 2717 761 2777 uti
777 2717 851 2776 inter
867 2713 996 2794 pecudes
1011 2714 1055 2776 sic
1074 2715 1149 2774 inter

97 2799 272 2863 cohomiues
289 2808 462 2877 potestatem
472 2808 503 2860 et
514 2801 662 2879 imperium
673 2799 878 2861 valentioribus
890 2798 977 2859 dedit.
999 2796 1062 2858 Nec
1077 2814 1147 2858 vero
1159 2803 1200 2866 39

141 2890 291 2944 contentus
302 2883 421 2961 primurn
434 2885 613 2983 cognationis
624 2883 747 2982 gradum·
752 2883 908 2945 abstulisse
917 2884 1084 2960 vicesimae,
1101 2900 1147 2942 se-

141 2966 262 3028 cundum
277 2984 392 3045 quoque
409 2968 514 3028 exemit
521 2968 679 3046 ,cavitque
693 2976 724 3027 ut
738 2968 766 3026 in
781 2969 889 3029 sororis
902 2967 985 3026 bouis
998 2965 1103 3043 irater,
1119 2975 1149 3024 et

140 3053 281 3110 contram
296 3050 390 3112 fratris
405 3067 504 3127 soror,
520 3060 608 3150 utque
623 3069 692 3111 avus
706 3060 736 3111 et
749 3054 812 3112 avia
822 3053 851 3110 in
861 3051 955 3128 neptis
965 3050 1148 3126 nepotisque,

141 3144 171 3195 et
185 3135 307 3195 invicem
319 3134 361 3194 illi
376 3137 580 3197 servarentur
571 3153 708 3195 mmunes.
731 3133 770 3195 lis
783 3151 900 3238 opusque
916 3131 1018 3210 quibus
1033 3148 1086 3208 per
1097 3130 1148 3190 ba-

94 3226 130 3281 35
139 3221 210 3278 trum
225 3219 323 3278 civitas
341 3217 466 3280 Romana
479 3220 619 3298 patuisset
634 3212 761 3278 idemitla
750 3238 801 3281 ι
801 3216 839 3276 it
848 3215 1061 3293 ,omnibusque
1076 3215 1150 3272 inter

140 3322 173 3362 se
191 3302 391 3380 cognationum
412 3304 472 3362 iura
488 3303 643 3380 commisit,
665 3300 748 3363 simul
769 3298 813 3361 et
814 3301 919 3378 pariter
935 3306 964 3358 et
977 3313 1056 3356 more
1070 3305 1148 3357 natu·

138 3405 205 3463 rae,
230 3405 302 3464 quae
319 3389 430 3465 priores
446 3387 624 3465 principesa
643 3384 763 3461 singulis
784 3385 879 3461 rogari
894 3382 1075 3460 gestiebant,
1092 3397 1147 3439 non

141 3479 196 3531 tam
220 3470 381 3549 praestandi
402 3471 493 3530 animo
511 3487 594 3550 ιιιιιιιι
609 3467 739 3545 negandi.
773 3466 819 3527 Ex
835 3484 892 3546 quo
908 3465 1037 3542 intellegi
1053 3473 1149 3548 potest
