2588 4116
251 253 253 260 ’
360 277 364 284 ·
396 241 659 306 EPISTULARUM
673 244 719 303 Vl.
744 192 846 308 Μ.
1071 247 1132 311 123

127 383 286 472 temporum
300 405 461 456 nostrorum
475 395 587 472 ingenia
603 393 741 474 despicio.
763 393 866 473 Neque
879 398 952 459 enim
964 400 1044 476 quasi
1057 399 1131 461 lassa

115 487 157 538 -et
183 479 269 538 effeta
289 489 387 539 nature
408 477 476 538 nihil
496 480 551 539 iam
563 477 704 539 laudabile
721 479 803 559 parit.
834 478 937 557 Adque
952 481 1024 542 adeo
1040 494 1157 562 nuper2
1252 476 1255 481 ’

127 561 203 621 audii
224 561 381 640 Vergilium
401 561 556 622 Romanum
584 564 682 640 paucis
709 561 854 641 legentem
877 566 1068 643 comoediam,
1096 568 1132 627 ad

127 645 276 724 exemplar
295 648 402 707 veteris
418 645 584 707 comoediae
601 649 734 723 scriptam
751 656 806 707 tam
821 647 895 707 bene
915 657 944 707 ut
962 667 1029 709 esse
1046 668 1130 728 quan·

98 729 221 809 sdoque
235 731 329 809 possit
344 729 497 809 exemplar.
520 728 628 789 Nescio
644 749 678 789 an
690 733 767 791 noris
785 729 936 796 bominem.
960 730 1159 813 Quamqnana

125 830 214 874 nosse
226 813 331 874 debes:
348 823 392 875 est
404 815 476 873 enim
488 813 630 893 probitate
642 832 761 891 morum,
778 816 884 891 ingenii
896 813 1047 893 elegantia,
1061 833 1131 895 ope·

125 915 188 957 rum
207 899 344 973 varietate
365 895 563 958 monstrabilis.
607 897 728 978 Scripsit
750 897 922 958 mimiambos
942 901 1067 959 tenuiter
1090 910 1160 962 ιιι-4

125 989 195 1058 gute
216 990 353 1059 venuste,
377 980 470 1060 adque
491 983 519 1041 in
541 981 596 1040 boc'
618 994 727 1059 genere
752 979 1003 1059 eloquentissime3
1025 982 1133 1043 nullum

127 1072 174 1124 est
200 1065 273 1124 enim
293 1082 384 1142 genus
405 1064 482 1143 quod
502 1064 662 1125 absolutum
681 1082 737 1126 nou
753 1066 845 1144 possit
869 1064 1131 1145 eloquentissimum
1230 1064 1233 1070 '

88 1148 198 1208 lodici:
215 1151 330 1226 scripsit
346 1147 524 1223 comoedias,
546 1147 727 1208 Menandrum
742 1148 872 1227 aliosque
887 1150 987 1210 aetatis
1004 1151 1131 1210 eiusdem

126 1230 295 1291 aemulatus:
320 1230 389 1290 licet
409 1231 459 1291 bas
476 1233 549 1290 inter
568 1230 708 1292 Plautinas
731 1231 971 1308 Terentianasque
986 1251 1128 1294 numeres.

125 1312 209 1374 Nunc
224 1316 343 1393 primum
363 1333 395 1374 se
415 1316 444 1373 in
458 1323 557 1374 vetere
572 1313 736 1391 comoedia,
763 1313 815 1374 sed
835 1331 892 1373 non
906 1323 1046 1391 tamquam
1060 1318 1155 1375 inei-5

125 1405 219 1474 peret,
237 1397 369 1458 ostendit.
389 1395 509 1457 Nonilli
520 1399 581 1474 vis,
598 1416 654 1457 nou
669 1397 821 1475 granditas,
837 1415 894 1457 nou
908 1397 1060 1474 subtilitas,
1075 1416 1131 1458 non

125 1478 295 1559 amaritudo,
317 1498 374 1541 non
396 1479 536 1557 dulcedo,
564 1499 620 1541 non
639 1479 724 1558 lepos
747 1480 851 1541 deluit:
873 1483 981 1540 ornavit
1000 1483 1129 1559 virtutes,

88 1576 115 1626 l5
126 1565 282 1625 insectatus
299 1572 344 1625 est
361 1566 444 1642 vitia,
467 1565 540 1624 lictis
561 1565 720 1625 nominibus
736 1565 888 1642 decenter,
910 1567 987 1626 veris
1002 1583 1070 1625 usus
1086 1573 1132 1626 est

126 1656 203 1727 apte.
228 1646 311 1709 Circa
325 1666 370 1707 me
385 1657 489 1709 tantum
504 1648 680 1726 benignitate
694 1650 777 1709 niuria
791 1648 903 1709 modum
919 1651 1056 1724 excessit,
1074 1649 1155 1709 nisit

125 1730 203 1808 quod
223 1740 316 1792 tamen
339 1734 433 1812 poetis
454 1733 566 1793 mentiri
586 1732 664 1792 licet.
696 1730 728 1792 lu
749 1751 872 1810 summa,
900 1733 1079 1810 extorquebo
1101 1732 1155 1792 eil

124 1812 228 1874 librum
249 1814 477 1896 legendumque,
501 1819 585 1876 immo
608 1815 791 1876 ediscendum
816 1819 920 1876 mittam
942 1817 1007 1886 tibi;
1034 1834 1129 1893 neque

125 1900 199 1956 enim
215 1897 312 1959 dubito
324 1899 445 1959 futurum
456 1909 487 1960 ut
498 1917 553 1959 non
566 1899 704 1978 deponas,
720 1902 744 1959 si
756 1898 846 1960 semel
858 1901 1023 1977 sumpseris.
1045 1899 1126 1960 Vale.

88 1987 115 2038 ²⁰
583 2029 674 2099 ιιιιιι.

417 2130 444 2178 0.
462 2128 585 2178 PLINIUS
599 2129 706 2178 TIRONI
726 2129 787 2178 SUO
805 2128 830 2176 S.

190 2227 292 2307 blagna
306 2248 354 2290 res
372 2239 435 2290 acta
449 2239 495 2293 est
510 2234 631 2292 omnium
646 2235 693 2310 qui
715 2241 780 2293 sunt
795 2232 948 2310 provinciis
963 2231 1154 2310 praefuturi,1

124 2315 370 2397 magnaomnium
391 2317 439 2393 qui
460 2333 493 2375 se
513 2315 684 2391 simpliciter
705 2315 824 2375 credunt
839 2311 945 2374 amicis.
976 2313 1156 2380 Lustriciusn

88 2408 114 2458 to
125 2399 286 2458 Bruttianus
301 2415 364 2457 cum
379 2395 540 2459 Montanum
553 2400 723 2476 Atticinum,
741 2400 872 2460 comitem
887 2416 978 2476 suum,
993 2399 1021 2457 iu
1035 2395 1130 2457 multis

126 2482 239 2559 flagitiis
255 2479 471 2560 deprendisset,
491 2482 605 2544 Caesari
620 2485 743 2562 scripsit.
767 2482 908 2544 Atticinus
924 2481 1037 2560 llagitiis
1053 2481 1129 2540 addi·

125 2566 165 2625 dit
180 2574 210 2624 ut
225 2582 310 2643 quem
325 2564 479 2643 deceperat
495 2577 653 2628 accusaret.
687 2567 817 2645 Recepta
832 2567 958 2644 cognitio
973 2574 1032 2626 est:
1048 2563 1088 2624 lui
1102 2567 1130 2623 in

125 2648 261 2710 consilio:
286 2651 345 2726 egit
358 2658 478 2728 uterque
494 2669 546 2728 pro
561 2670 612 2729 se,
628 2654 687 2728 egit
702 2659 795 2711 autem
810 2652 927 2727 carptim
942 2658 971 2708 et
985 2639 1069 2710 κατὰ
1078 2668 1128 2708 κε·

125 2726 281 2809 pataron,
295 2750 351 2810 quo
366 2751 474 2810 genere
488 2737 593 2795 veritas
609 2737 701 2795 statim
716 2735 882 2795 ostenditur.
915 2731 1034 2794 Protulit
1048 2731 1155 2794 Brut-3

88 2817 216 2883 tatianus
233 2824 430 2876 testamentum
450 2836 547 2895 suum,
574 2819 650 2897 quod
669 2816 786 2877 Atticini
807 2835 889 2877 manu
909 2819 1046 2896 scriptum
1061 2833 1128 2875 esse

126 2898 255 2969 dicebat;
283 2900 339 2959 boc
360 2903 484 2961 enimet
508 2919 608 2962 arcana
629 2900 801 2962 familiaritas
822 2911 852 2962 et
875 2900 1012 2979 querendi
1033 2899 1069 2958 de
1091 2917 1127 2970 eo

124 3000 209 3061 quem
230 2984 272 3042 sic
291 2992 414 3044 amasset
433 2988 592 3045 necessitas
613 2984 795 3045 indicabatur.
832 2983 1017 3043 Enumeravit
1039 2983 1157 3043 mimi-4

123 3082 159 3125 na
180 3065 265 3125 ioeda
284 3067 446 3135 manifesta;
477 3086 549 3146 quae
569 3067 636 3145 ille,
666 3086 730 3128 cum
751 3067 860 3128 diluere
878 3083 936 3126 non
954 3073 1072 3144 posset,
1090 3065 1128 3123 ita

124 3151 249 3225 regessit
270 3159 317 3228 ut,
344 3150 409 3210 dum
428 3149 606 3227 defenditur,
628 3153 730 3230 turpis,
760 3151 824 3211 dum
845 3157 977 3223 accusat,
1002 3145 1127 3204 scelera·

88 3240 171 3295 tetus
199 3232 376 3309 probaretur.
416 3231 556 3313 Corrupto
584 3236 658 3294 enim
684 3234 796 3295 scribae
824 3249 908 3293 servo
935 3233 1128 3305 interceperat

125 3318 343 3376 commentarios
363 3318 618 3396 intercideratque,
646 3336 680 3377 ac
701 3335 755 3396 per
775 3333 912 3378 summum
929 3310 1011 3371 nefas
1028 3310 1126 3370 uteba-

89 3466 93 3473 ,
124 3407 171 3457 tur
190 3399 328 3461 adversus
348 3403 467 3460 amicum
489 3402 603 3460 erimine
632 3418 694 3461 suo.
731 3399 814 3459 Fecit
840 3396 1032 3475 pulcherrime
1054 3392 1153 3455 Cae-5

124 3499 179 3543 sar.
216 3481 281 3543 Non
303 3485 376 3544 enim
397 3483 433 3543 de
448 3483 593 3545 Bruttiano
608 3482 661 3542 sed
681 3484 774 3544 statim
794 3481 830 3541 de
845 3480 970 3541 Atticino
988 3496 1125 3557 perroga-
