2588 4116
579 208 611 271 Ο.
631 208 728 270 PLINI

422 402 429 417 .
597 360 703 421 XXXI.
723 380 733 402 r

411 461 450 530 ,o
467 461 592 512 nunnius
611 459 756 510 cosnuro
775 458 835 510 suo
855 457 882 511 o.

124 588 139 640 1
213 577 347 639 Claudius
360 577 441 637 Polio
457 580 540 636 amari
553 596 569 636 a
583 588 612 637 te
625 581 713 656 cupit,
730 578 831 655 dignus
845 577 902 636 hoc
919 579 996 656 ipso,
1013 579 1091 656 qnod
1107 600 1157 642 cu·

71 725 72 728 ¹
149 665 207 741 pit,
230 661 349 737 deinde,
366 660 441 740 quod
462 662 526 737 ipse
548 671 578 721 te
596 661 696 739 diligit.
725 660 828 738 Neque
844 662 918 719 euim
932 660 993 720 lere
1007 665 1155 742 quisquam

149 748 239 823 exigit
253 745 339 820 istud,
355 743 409 804 nlsi
424 747 470 823 qui
485 744 563 804 iacit.
590 744 641 804 Vir
651 745 757 822 alioqui
771 754 880 820 rectus,
897 746 1021 822 integer,
1040 749 1178 823 quietus5

148 846 182 888 ac
198 847 288 906 paene
305 827 516 903 ultramodum,
541 830 643 906 siquis
661 839 755 889 tamen
769 827 841 886 ultra
857 827 984 904 modum,
1013 847 1153 891 verecun-

121 911 208 972 2dus.
230 911 322 987 Hunc,
339 928 402 969 cum
416 911 497 971 simul
513 911 705 986 militaremus,
722 929 777 971 non
792 910 884 971 solum
897 920 927 970 ut
946 911 1099 973 commilito
1112 917 1152 973 in·

147 997 238 1071 speri.
261 993 394 1054 Praeerat
408 994 470 1054 alae
485 993 613 1055 militari:
630 1013 686 1073 ego
701 998 796 1055 iussus
810 1013 826 1053 a
840 992 937 1070 legato
952 995 1094 1055 consulari
1109 1017 1151 1056 ra·

146 1081 239 1137 tiones
255 1078 361 1138 alarum
379 1087 408 1136 et
430 1077 587 1138 cohortium
605 1089 759 1156 excutere,
784 1087 814 1136 ut
833 1095 961 1154 magnam
976 1079 1151 1157 quorundam

146 1160 315 1239 foedamque
337 1161 495 1238 avaritiam,
512 1160 724 1239 neglegentiam
739 1180 853 1240 parem,
869 1164 907 1220 ita
920 1161 1002 1223 huius
1014 1181 1149 1224 summam
1159 1174 1192 1225 lo

11 1241 14 1245 ’
120 1245 353 1322 sintegritatem,
376 1243 527 1305 sollicitam
547 1245 721 1323 diligentiam
742 1246 844 1304 inveni.
877 1244 981 1315 Postea
1002 1256 1149 1324 promotus

144 1328 179 1387 ad
200 1328 387 1408 amplissimas
404 1330 639 1407 procurationes,
665 1329 742 1388 nulla
764 1331 918 1388 occasione
940 1339 1091 1407 corruptus
1113 1332 1149 1390 ab

143 1413 227 1472 insito
243 1413 430 1474 abstinentiae
444 1430 539 1472 amore
554 1412 686 1479 deflexit:
701 1429 849 1491 numquam
861 1411 995 1471 secundis
1009 1414 1096 1474 rebus
1108 1415 1149 1472 in·

143 1500 259 1572 tumuit,
281 1513 430 1574 numquam
448 1495 606 1554 officiorum
624 1498 761 1556 varietate
785 1497 944 1555 continuam
964 1495 1076 1556 laudem
1098 1496 1148 1556 hu·

142 1580 280 1638 maritatis
292 1579 422 1655 infregit,
444 1578 600 1658 cademque
618 1580 747 1639 firmitate
762 1580 843 1638 animi
859 1578 1003 1640 laboribus
1021 1581 1145 1656 suffecit,
1156 1586 1188 1638 15

55 1672 59 1680 '
117 1671 198 1738 dqua
213 1680 287 1720 nunc
310 1664 396 1720 otium
415 1663 526 1737 patitur.
562 1661 646 1734 Quod
666 1662 778 1740 quidem
800 1662 947 1741 paulisper
968 1681 1031 1722 cum
1048 1681 1148 1741 magna

142 1763 192 1805 sna
208 1743 290 1803 laude
306 1745 455 1804 intermisit
470 1753 499 1803 et
514 1746 620 1821 posuit,
635 1764 651 1805 a
668 1744 794 1805 Corellio
810 1753 908 1806 nostro
927 1765 965 1806 ex
976 1746 1147 1808 liberalitate

141 1828 320 1903 imperatoris
341 1825 454 1886 Nervae
477 1828 603 1888 emendis
627 1829 842 1907 dividendisque
861 1831 940 1906 agris
964 1831 1074 1891 adiutor
1099 1832 1146 1891 ad·

141 1918 279 1985 sumptus.
312 1908 424 1969 Etenim
440 1928 494 1989 qna
508 1910 599 1988 gloria
617 1911 730 1989 dignum
750 1923 795 1974 est
816 1931 924 1973 summo
944 1916 1005 1974 viro
1017 1917 1054 1980 ,in
1070 1924 1145 1975 tanta
1188 1912 1190 1915 ’

113 1992 263 2068 5cligendi
283 1992 418 2053 facultate
436 1997 592 2073 praecipue
611 1995 777 2074 placuisse?
804 1995 883 2057 Idem
905 2015 987 2074 quam
1007 2001 1187 2058 reveren-20

139 2085 194 2152 ter,
214 2091 294 2154 quarn
311 2077 432 2138 lideliter
446 2079 553 2140 amicos
568 2080 643 2141 colat
658 2080 808 2140 multorum
823 2082 965 2159 supremis
977 2081 1099 2159 iudiciis,
1116 2085 1145 2141 in

94 2230 97 2235 ,
138 2159 182 2219 lris
198 2160 269 2220 Anni
291 2161 390 2239 bassi,
411 2164 570 2239 gravissimi
587 2165 675 2241 civis,
693 2165 812 2225 credere
829 2173 924 2243 potes,
943 2166 1021 2225 cuius
1038 2183 1144 2224 merno-

138 2246 207 2303 riam
222 2256 277 2305 tam
288 2255 368 2322 grata
386 2246 596 2324 praedicatione
611 2257 747 2327 prorogat
762 2258 791 2308 et
805 2247 930 2307 extendit
945 2257 975 2307 ut
989 2246 1091 2306 librum
1107 2249 1143 2309 de

137 2329 193 2388 vita
209 2331 270 2389 eius
287 2332 363 2407 (nam
378 2330 469 2390 studia
484 2348 599 2409 quoque
613 2334 687 2392 sicut
701 2331 769 2391 alias
785 2332 873 2390 bonas
884 2337 959 2388 artes
973 2333 1142 2410 veneratur)

112 2412 266 2472 dediderit.
287 2410 438 2473 Pulchrum
453 2415 528 2474 istud
545 2424 574 2474 et
589 2417 702 2475 raritate
713 2416 775 2491 ipsa
790 2410 980 2491 probandum,
998 2430 1061 2470 cum
1077 2415 1141 2490 ple·
1151 2413 1185 2464 25

112 2497 216 2572 inique
239 2496 375 2556 hactenus
396 2496 593 2557 defunctorum
612 2500 788 2558 meminerint
809 2505 839 2556 ut
864 2503 1025 2574 querantur.
1057 2495 1141 2558 Hunc

136 2577 295 2654 hominem,
316 2578 648 2659 adpetentissimumtui,
664 2578 848 2657 mihicrede,
865 2578 1071 2657 complectere,
1093 2582 1141 2641 ad·

136 2659 293 2736 prehende,
309 2662 391 2719 immo
408 2671 437 2721 et
450 2663 535 2723 invita
551 2683 585 2723 ac
596 2668 639 2726 sic
654 2684 724 2742 ama,
738 2674 878 2744 tamquam
890 2664 1006 2740 gratiam
1019 2665 1138 2724 referas.

134 2741 236 2819 Neque
249 2744 323 2800 enim
338 2742 506 2820 obligandus
521 2748 574 2807 sed
588 2749 808 2809 remunerandus
824 2757 869 2808 cst
884 2750 912 2806 in
926 2750 1028 2828 amoris
1042 2749 1138 2809 officio

135 2827 182 2902 qui
197 2826 274 2903 prior
291 2827 396 2903 coepit.
430 2826 511 2886 Vale.
1021 2861 1024 2867 ·
1146 2837 1180 2890 30

572 2973 691 3036 XXXII.

314 3073 340 3126 c.
360 3071 483 3123 ruinius
500 3072 628 3122 rnsnro
646 3044 834 3125 rnosoouno
853 3076 913 3128 suo
932 3076 958 3128 s
1067 3079 1072 3095 ·

108 3201 121 3251 l
195 3189 335 3252 Delector
349 3190 499 3252 iucundum
513 3191 562 3250 tibi
577 3191 666 3253 inisse
684 3191 794 3254 Tironis
812 3197 867 3255 mei
880 3196 1043 3258 adventum:
1060 3197 1136 3278 quod

133 3293 204 3335 vero
226 3276 329 3337 scribis
352 3275 446 3336 oblata
466 3276 617 3337 occasione
642 3279 822 3354 proconsulis
837 3279 972 3358 plurimos
987 3284 1177 3347 mammis-35

134 3375 200 3433 sos,
222 3362 305 3419 unice
327 3359 427 3420 laetor.
462 3359 555 3438 Cupio
570 3362 643 3419 enim
658 3364 773 3439 patriam
790 3374 913 3425 nostram
929 3367 1056 3426 omnibus
1075 3368 1134 3442 qui·

132 3438 197 3498 dem
218 3444 305 3501 rebus
328 3446 442 3521 augeri,
470 3446 589 3503 maxime
614 3454 706 3504 tamen
733 3448 834 3506 civium
856 3465 986 3507 numero:
1013 3449 1041 3508 id
1061 3452 1136 3517 enim
