2588 4116
132 198 173 256 22
556 194 589 255 G.
611 196 707 255 PLlNl

132 356 228 423 grata,
245 364 281 406 eo
295 350 430 423 maxime,
450 345 526 423 quod
540 347 714 424 exprobrare
729 346 872 407 stultitiam
887 347 999 406 domiuo
1011 348 1133 408 videtur.

107 429 163 489 ain
182 428 238 488 boc
250 440 344 490 antem
355 429 462 507 agello,
482 429 508 489 si
520 428 604 489 modo
623 429 753 490 adriserit
764 432 896 509 pretium,
912 429 1066 507 Tranquilli
1078 435 1132 492 mei

132 511 308 574 stomachum
319 513 405 574 multa
416 512 580 589 sollicitant,
596 514 727 574 vicinitas
739 514 833 590 urbis,
850 515 1045 592 opportunitas
1057 517 1131 592 viae,

132 595 314 658 mediocritas
328 597 425 674 villae,
440 595 539 657 modus
553 597 637 673 ruris,
656 599 703 674 qui
715 607 816 657 avocet
828 598 917 674 magis
929 615 1009 674 quam
1022 598 1132 658 distrin-

110 687 193 756 4gat.
206 678 393 741 Scholasticis
408 696 494 759 porro
508 680 639 757 dominis,
654 687 683 739 ut
697 678 744 739 bic
759 690 815 757 est,
832 680 937 740 suflicit
951 680 1062 740 abunde
1074 691 1155 742 tan-5

132 773 190 823 tum
205 762 259 822 soli
274 773 303 823 ut
314 763 443 823 relevare
461 773 560 841 caput,
572 764 693 823 relicere
705 762 816 840 oculos,
828 773 941 841 reptare
954 781 1008 841 per
1017 763 1132 824 limitem

133 864 272 923 unamque
285 847 411 905 semitam
426 855 521 907 terere
537 848 689 924 omnisque'
702 846 842 906 viteculas
857 865 921 906 suas
937 863 1024 907 nosse
1040 857 1068 907 et
1083 868 1131 906 nu-

132 946 242 989 memre
261 928 427 991 arbusculas
442 932 562 1008 possint.
584 931 662 990 Haec
677 931 728 990 tibi
744 930 882 1009 exposui,
900 947 955 1007 quo
970 932 1058 1007 magis
1077 934 1132 991 sci·

133 1030 180 1071 res
197 1020 327 1089 quantum
342 1022 422 1074 esset
435 1013 485 1073 ille
500 1015 566 1074 milri
575 1060 584 1092 ,
601 1031 657 1092 ego
672 1014 723 1075 tibi
739 1013 900 1092 debiturus,
919 1015 943 1074 si
958 1014 1132 1092 praediolum

133 1094 218 1171 istud,
239 1095 314 1174 quod
329 1096 539 1158 commendatur
553 1097 598 1158 his
614 1098 738 1173 dotibus,
754 1107 810 1158 tam
827 1097 976 1159 salubriter
991 1100 1091 1158 emerit
1102 1106 1132 1157 ut
1141 1111 1173 1162 10

133 1178 324 1255 paenitentiae
338 1179 432 1241 locum
447 1198 504 1239 non
520 1180 669 1258 relinquat.
701 1180 782 1240 Vale.

350 1556 388 1637 c.
417 1557 527 1638 ruur
557 1559 712 1640 eunoun
741 1558 914 1639 sucuuu

252 1708 1008 1823 lllllblrlllllll

481 1899 576 1953 uranu
597 1897 786 1953 sscuuous.
835 1970 838 1975 Ι
878 1982 881 1986 ⁴

621 2057 643 2117 1.

410 2158 436 2208 G.
454 2156 578 2208 PLINIUS
596 2157 730 2207 ROblANO
750 2158 810 2208 SUO
828 2158 855 2208 S.

109 2271 123 2321 1
194 2260 261 2322 Post
276 2261 384 2339 aliquot
400 2276 487 2320 annos
502 2261 613 2339 insigne
633 2271 718 2337 atque
734 2261 817 2320 etiam
831 2255 1014 2316 memorabile
1032 2255 1131 2333 populi

133 2342 254 2405 Romani
272 2344 363 2406 oculis
382 2343 577 2421 spectaculum
601 2344 727 2402 exhibuit
747 2338 890 2418 publicum
912 2338 995 2397 funus
1015 2337 1173 2413 Verginius

132 2425 206 2502 Rufi,
224 2429 335 2487 maximi
350 2436 379 2484 et
395 2425 542 2485 clarissimi
559 2426 646 2500 civis,
672 2421 789 2500 perinde
805 2420 909 2480 felicis.
943 2417 1068 2495 Triginta
1084 2437 1130 2478 an-

112 2511 179 2570 2nis
194 2509 301 2585 gloriae
317 2524 384 2567 suae
399 2509 565 2581 supervixit.
588 2504 670 2582 Legit
685 2505 790 2582 scripta
805 2503 840 2562 de
858 2521 891 2562 se
907 2503 1044 2578 carmina,
1060 2502 1131 2579 legit

132 2591 263 2652 historias
280 2600 308 2649 ct
323 2589 480 2668 posteritati
495 2605 563 2647 suae
574 2587 710 2648 interfuit.
730 2585 897 2646 Perfunctus
910 2593 955 2646 est
966 2586 1051 2645 tertio
1063 2603 1130 2644 corr-

133 2670 241 2750 sulatu,
269 2681 299 2732 ut
321 2687 456 2731 summum
476 2670 619 2749 fastigium
640 2673 741 2751 privati
763 2668 883 2731 hominis
899 2668 1039 2747 inpleret,
1068 2687 1130 2728 cum

107 2756 269 2834 3priucipis
283 2753 431 2815 noluisset.
454 2751 594 2816 Caesares
610 2756 712 2834 quibus
729 2763 881 2832 suspectus
894 2762 979 2831 atque
995 2753 1079 2812 ctiam
1091 2754 1172 2821 in-30

131 2839 210 2898 visus
227 2838 376 2898 virtutibus
391 2837 482 2898 fuerat
497 2841 603 2914 evasit,
625 2838 740 2918 reliquit
754 2837 924 2898 incolumem
940 2836 1075 2913 optimum
1089 2844 1130 2895 at·

133 2939 188 2999 que
202 2922 410 3000 amicissimum,
427 2931 564 3000 tamquam
579 2921 614 2982 ad
628 2922 703 2982 bunc
716 2925 808 3001 ipsum
819 2920 956 2981 honorem
968 2918 1076 2998 publici
1088 2918 1130 2977 lu·

108 3006 207 3065 4oeris
223 3014 395 3064 reservatus.
423 3003 532 3063 Annum
548 3007 660 3065 tertium
675 3016 705 3065 et
722 3006 947 3083 octogensimum
962 3003 1089 3062 excessit
1103 3003 1131 3060 in

132 3086 267 3148 altissima
281 3085 498 3164 tranquillitate,
519 3089 579 3165 pari
596 3091 790 3149 veneratione.
820 3087 894 3147 Usus
910 3096 955 3147 ost
971 3087 1048 3146 lirma
1062 3084 1130 3144 vali·

130 3171 237 3249 tudine,
253 3173 306 3231 nisi
321 3170 397 3247 quod
412 3170 541 3231 solebant
557 3173 583 3231 ei
600 3189 696 3231 manus
711 3182 845 3248 tremere,
863 3172 931 3230 citra
946 3168 1074 3230 dolorem
1089 3176 1128 3228 ta·
1138 3176 1172 3229 35

131 3274 205 3316 men.
236 3254 337 3315 Aditus
358 3264 462 3314 tantum
483 3255 579 3315 mortis
601 3255 696 3314 durior
715 3254 901 3332 longiorque,
924 3250 1044 3312 sedhic
1066 3252 1129 3329 ipse

105 3339 287 3402 blandabilis.
322 3336 393 3398 Nam
409 3357 472 3398 cum
485 3354 588 3397 vocem
602 3348 784 3417 praepararet
803 3348 917 3398 acturus
932 3337 960 3393 in
980 3333 1130 3395 consulatu

131 3423 251 3503 principi
269 3424 383 3498 gratias,
399 3422 473 3482 liber
488 3439 572 3499 quem
583 3422 656 3482 forte
672 3432 824 3500 acceperat
835 3421 1014 3498 grandiorem
1029 3424 1057 3476 et
1069 3416 1132 3477 seni
