2588 4116
157 220 217 280 loo
584 217 615 277 o.
637 216 733 276 rum
803 292 805 298 Ι

61 350 69 445 ,’
157 369 275 447 dedisti,
295 387 331 429 eo
347 368 464 430 liberius
480 371 555 447 quod
576 369 642 427 nihil
664 386 702 428 ex
722 371 792 430 meis
813 370 922 428 interim
943 369 1080 429 missurus
1098 389 1160 429 sum

56 473 61 534 j
157 455 206 513 tihi
222 456 249 512 in
265 471 321 531 quo
337 462 367 513 te
382 452 539 513 ulciscaris.
572 451 653 514 Vale.

615 583 691 643 Vlll.

434 683 461 735 G.
481 682 605 733 PLINIUS
623 681 758 733 ROMANO
776 680 836 732 SUO
856 680 882 731 S.
1169 716 1185 764 5

138 799 152 849 1
221 786 359 846 Vidistine
371 784 520 864 aliquando
532 782 700 845 Clitumnum
712 781 838 844 iontem?
858 783 888 841 Si
899 784 1021 843 nondum
1033 785 1078 863 (et
1089 796 1160 863 puto

159 869 294 938 nondum;
309 869 413 946 alioqui
428 887 573 929 narrasses
590 867 684 948 mihi),
698 867 774 945 vide,
791 885 875 946 quem
886 884 942 944 ego
953 868 1094 945 (paenitet
1104 878 1161 928 tar·

136 952 270 1031 aditatis)
291 953 418 1030 proxime
441 951 506 1011 vidi.
547 951 678 1012 Modicus
703 949 785 1011 oollis
807 950 949 1028 adsurgit,
978 954 1089 1028 antiqua
1111 971 1159 1012 ou·

160 1053 264 1114 presso
278 1051 446 1096 nemorosus
463 1044 492 1095 et
509 1052 626 1112 opacus.
656 1034 737 1094 lluuo
752 1035 852 1095 subter
866 1037 923 1094 exit
939 1034 1002 1094 lons
1020 1044 1049 1093 et
1065 1039 1159 1112 expri-

160 1120 242 1183 mitur
262 1118 391 1196 pluribus
411 1120 492 1178 venis
510 1118 562 1179 sed
579 1119 741 1196 inparibus,
768 1116 965 1196 eluctatusque
986 1136 1070 1195 pem
1091 1118 1201 1184 lanitio

159 1202 300 1278 gurgitem
317 1201 375 1261 lato
395 1204 504 1278 gremio
524 1203 646 1280 patescit
661 1220 747 1280 purus
770 1210 798 1260 et
818 1202 943 1278 vitreus,
964 1210 994 1260 ut
1012 1219 1158 1262 numerare

137 1286 247 1346 diaetas
265 1287 356 1363 stipes
371 1295 400 1345 et
414 1285 569 1346 relucentis
585 1284 712 1345 oaloulos
727 1285 832 1362 possis.
854 1283 922 1343 lnde
937 1302 992 1342 non
1003 1283 1060 1343 looi
1072 1285 1157 1344 deve-

160 1371 247 1428 xitate
263 1368 316 1428 sed
333 1370 395 1447 ipsa
410 1373 452 1429 sui
472 1370 554 1449 eopia
569 1378 598 1428 et
613 1371 692 1446 quasi
707 1367 834 1448 pondere
848 1366 1000 1446 inpellitur.
1023 1367 1100 1427 Fons
1111 1369 1157 1427 ad·

159 1451 215 1510 huo
236 1461 264 1511 et
285 1454 338 1510 iam
355 1452 557 1529 amplissimum
575 1452 678 1512 ilumen
698 1452 792 1530 adque
809 1453 892 1510 etiam
908 1452 1017 1510 navium
1034 1454 1155 1529 patiens,

161 1552 230 1612 quas
252 1534 350 1593 obvias
372 1553 485 1611 quoque
512 1544 541 1594 et
569 1537 708 1594 contrario
734 1537 797 1595 nisu
820 1537 848 1593 in
873 1535 984 1594 diversa
1007 1536 1197 1596 tendentes15

160 1618 320 1677 transmittit
336 1626 364 1675 et
379 1618 504 1694 perfert,
530 1617 603 1676 adeo
617 1616 725 1678 validus
740 1628 770 1678 ut
785 1617 833 1677 illa
853 1637 908 1696 qua
926 1629 1061 1697 properat
1083 1621 1156 1698 ipse,

161 1716 325 1777 quamquam
336 1717 389 1777 per
399 1700 491 1759 solum
504 1699 625 1778 planum,
640 1703 725 1761 remis
737 1719 793 1762 nou
804 1702 960 1779 adiuvetur,
973 1702 1047 1762 idem
1058 1720 1156 1780 aeger-

133 1787 228 1846 4rime
243 1783 328 1841 remis
344 1785 492 1861 contisque
509 1794 660 1862 superetur
674 1784 819 1848 adversus.
842 1786 995 1846 luoundum
1010 1797 1156 1865 utrumque

159 1882 213 1942 per
229 1866 324 1922 iocum
338 1864 491 1945 ludumque
506 1867 688 1946 fluitantibus,
706 1879 736 1929 ut
748 1870 876 1929 flexerint
892 1887 1015 1951 cursum,
1031 1871 1157 1930 laborem

161 1949 229 2024 otio,
247 1949 333 2007 otium
347 1949 446 2010 labore
461 1953 579 2011 variare.
606 1950 698 2032 llipae
713 1954 820 2017 fraxino
837 1953 933 2031 multa,
948 1954 1034 2014 multa
1049 1954 1197 2032 popul020

159 2033 328 2109 vestiuntur,
346 2051 415 2111 quas
432 2036 602 2114 perspicuus
618 2039 705 2097 amnis
720 2047 750 2097 ut
764 2055 870 2098 mersas
885 2037 964 2096 viridi
976 2040 1096 2114 imagine
1110 2037 1156 2098 ad·
1186 2071 1188 2076 ·

158 2125 295 2176 numerat.
328 2115 419 2194 Rigor
445 2137 535 2197 aquae
564 2123 716 2181 certaverit
736 2122 864 2198 nivibus,
888 2139 943 2181 neo
965 2121 1047 2181 oolor
1071 2123 1155 2182 cedit.

133 2198 278 2262 5Adiaoet
292 2201 428 2280 templum
447 2206 572 2281 priscum
593 2214 622 2265 et
641 2205 821 2282 religiosum:
846 2214 900 2264 stat
922 2202 1077 2265 Clitumnus
1094 2208 1157 2283 ipse

159 2285 276 2344 amiotus
298 2295 469 2365 ornatusque
491 2298 655 2365 praetexta:
683 2306 819 2365 praesens
841 2304 941 2344 numen
962 2287 1054 2363 adque
1072 2292 1157 2348 etiam

158 2364 300 2427 fatidicum
321 2369 443 2430 indicunt
465 2381 568 2431 sortes.
598 2371 701 2449 Sparsa
719 2379 782 2429 sunt
798 2371 872 2427 circa
888 2367 994 2426 sacella
1010 2371 1199 2445 complanans

158 2450 331 2529 totidemque
348 2453 394 2511 dii.
428 2453 484 2513 Sua
503 2456 605 2531 cuique
617 2453 778 2527 veneratio,
804 2467 883 2508 suum
897 2465 1015 2525 nomen,
1039 2453 1156 2526 quibus-

158 2532 219 2590 dam
234 2551 304 2592 vero
321 2537 404 2595 etiam
418 2536 521 2597 lontes.
550 2536 620 2595 Nam
632 2541 744 2611 praeter
757 2532 834 2590 illum
849 2534 927 2609 quasi
942 2543 1088 2611 parentem
1108 2555 1157 2596 oe-

157 2624 283 2674 terorum
304 2629 369 2678 sunt
391 2622 513 2679 minores
534 2620 627 2694 eapite
642 2615 770 2683 discreti;
796 2615 848 2674 sed
869 2615 972 2675 ilumini
989 2618 1154 2697 miscentur,

133 2699 235 2773 dquod
249 2709 336 2777 ponte
351 2705 550 2762 transmittitur.
579 2699 607 2757 ls
622 2699 757 2758 terminus
774 2701 847 2758 sacri
860 2700 1036 2778 profanique.
1064 2700 1095 2761 ln
1110 2723 1156 2762 su·

158 2783 272 2858 periore
287 2794 367 2860 parte
384 2786 517 2860 navigare
531 2791 650 2857 tantum,
671 2780 742 2840 inira
762 2784 845 2843 etiam
859 2792 956 2844 natare
973 2801 1152 2846 eoncessum.
1163 2802 1197 2856 30

157 2863 303 2926 Balineum
317 2866 503 2945 Hispellates,
516 2865 617 2942 quibus
632 2863 711 2923 illum
724 2863 819 2925 loeum
830 2865 909 2926 divus
921 2868 1066 2944 Augustus
1079 2870 1153 2931 dono

157 2946 244 3027 dedit,
261 2949 376 3029 publice
394 2949 546 3025 praebent,
570 2949 705 3024 praebent
724 2948 886 3029 hospitium.
908 2951 971 3011 Neo
989 2953 1089 3012 desunt
1103 2953 1155 3011 vil-

130 3035 146 3090 7
156 3028 217 3110 lae,
243 3051 314 3111 quae
334 3040 450 3091 secutae
471 3031 591 3092 fluminis
613 3034 810 3094 amoenitatem
825 3037 941 3113 margini
956 3036 1094 3096 insistunt.
1123 3037 1154 3095 ln

156 3133 279 3192 summa,
301 3113 368 3172 nihil
386 3116 439 3174 erit
459 3134 495 3175 ex
511 3135 567 3195 quo
587 3134 644 3175 non
659 3119 755 3196 capias
770 3117 953 3196 voluptatem.
973 3118 1043 3177 Nam
1060 3120 1154 3180 stude·

155 3197 199 3259 bis
215 3215 343 3276 quoque;
359 3197 442 3275 leges
457 3199 543 3260 multa
557 3200 704 3276 multorum
720 3203 847 3263 omuibus
861 3203 1009 3276 columnis,
1027 3205 1197 3268 omnibus35

156 3282 310 3356 parietibus
325 3283 470 3362 inscripta,
489 3286 589 3363 quibus
605 3285 669 3344 lons
680 3283 729 3344 ille
742 3285 870 3364 deusque
882 3287 1051 3347 celebratur.
1073 3286 1155 3347 Plura

155 3362 293 3442 laudabis,
310 3368 443 3427 nonnulla
460 3369 581 3438 ridebis;
597 3386 762 3446 quamquam
774 3380 802 3430 tu
817 3389 898 3448 vero,
915 3389 987 3449 quae
999 3381 1045 3431 tua
1060 3373 1154 3431 huma·

155 3447 243 3522 nitas,
259 3448 335 3507 nulla
351 3452 467 3512 ridebis.
490 3453 571 3513 Vale.
