2588 4116
251 250 315 335 ara
673 249 706 309 c.
726 248 822 308 rum

254 406 347 483 cipem
369 404 413 461 cui
435 402 545 462 llorenti
566 401 748 461 et-iucolumi
767 417 916 478 numquam
931 400 986 459 uisi
1001 399 1109 459 modici
1125 400 1253 477 honores,

253 490 367 564 saepius
381 484 450 544 nulli
467 485 698 545 decernerentur.
720 483 758 545 Et
774 502 859 560 sane,
874 485 898 542 si
912 482 1035 545 velimus
1054 502 1122 543 cum
1138 486 1253 563 priunum

254 582 410 650 temporum
421 571 593 629 necessitate
611 573 739 644 certare,
755 570 914 628 vincemur:
931 568 1113 644 ingeniosior
1128 578 1176 628 est
1191 572 1252 630 euin
1293 645 1294 648 Ἴ

252 655 286 714 ad
303 653 517 731 excogitandum
534 652 673 713 simulatio
688 654 824 728 veritate,
847 652 970 712 servitus
990 650 1147 728 libertate,
1171 662 1252 713 metus

252 757 356 799 amore.
384 736 489 813 Simul,
507 754 570 795 curn
583 738 637 795 iam
653 735 761 815 pridem
776 737 887 795 novitas
903 737 994 795 omnis
1012 735 1182 797 adulatione
1198 744 1266 796 cor-t

253 832 362 899 sumpta
385 824 437 894 sit,
458 836 515 879 nou
535 819 606 880 alius
626 838 695 898 erga
716 829 744 879 te
762 837 852 879 novus
867 819 960 878 bonor
978 828 1117 897 superest
1139 821 1251 899 quamsi

252 904 400 983 aliquando
413 903 449 961 de
460 913 490 962 te
502 913 599 963 tacere
613 904 775 963 audeamus.
797 905 877 980 Age,
893 904 917 961 si
930 902 1042 980 quando
1058 905 1156 981 pietas
1169 914 1251 964 nostn

254 988 394 1047 silentium
408 989 483 1065 rupit
499 995 527 1046 et
542 987 740 1046 verecundiam
755 996 829 1046 tuam
843 987 926 1063 vicit,
949 1004 1022 1064 quae
1040 986 1197 1065 qualiaque
1215 997 1252 1046 aut

254 1072 431 1131 decernimus
451 1087 504 1130 nos
519 1079 566 1128 aut
580 1078 609 1128 tu
624 1088 680 1129 nou
694 1069 826 1131 recusas!
852 1078 882 1128 ut
901 1079 1037 1148 appareat
1051 1088 1110 1130 uon
1126 1072 1252 1150 superbia

253 1166 283 1214 et
299 1153 411 1214 fastidio
424 1163 452 1213 te
468 1153 657 1232 amplissimos
672 1155 796 1213 honores
809 1153 976 1231 repudiare,
998 1155 1045 1232 qui
1062 1156 1191 1215 minores
1205 1162 1278 1214 uonlt

254 1238 426 1316 dedigneris.
453 1237 601 1298 Pulchrius
615 1237 689 1315 hoc,
706 1236 821 1315 Caesar,
838 1255 920 1315 quam
934 1239 959 1296 si
973 1255 1129 1298 recusares
1146 1256 1251 1299 omncs:

253 1342 316 1382 nam
330 1341 464 1382 recusare
480 1339 578 1382 omnes
594 1324 769 1398 ambitionis,
790 1321 945 1382 moderatio
963 1330 1008 1380 est
1022 1320 1138 1399 eligere
1155 1324 1251 1400 parcis·

255 1410 350 1468 simos.
382 1405 447 1478 Quo
461 1415 683 1484 temperamento
699 1417 728 1467 et
743 1406 826 1466 nobis
842 1415 871 1464 et
885 1407 995 1465 aerario
1011 1404 1158 1467 consulis:
1180 1406 1251 1466 uobis

255 1491 384 1569 quidem,
407 1489 482 1567 quod
505 1491 580 1549 omni
601 1489 708 1550 liberas
729 1491 902 1569 suspitioue;
924 1490 1033 1549 aerario
1049 1498 1164 1568 autem,
1186 1488 1252 1568 quod

254 1574 412 1652 sumptibus
427 1574 488 1631 eius
504 1572 622 1633 adhibes
638 1573 769 1650 modum,
792 1584 822 1633 ut
840 1574 887 1651 qui
905 1573 1073 1632 exhaustum
1090 1591 1149 1634 non
1163 1576 1202 1634 sis
1217 1576 1279 1633 iuli

254 1658 415 1718 nocentium
428 1657 510 1717 bonis
525 1657 696 1736 repleturus,
728 1658 807 1718 Stant
822 1659 908 1735 igitur
922 1657 1036 1733 efligies
1051 1666 1138 1734 mae,
1160 1657 1250 1736 quales

254 1740 319 1799 olim
340 1741 376 1799 ob
401 1741 519 1816 egregia
537 1743 563 1799 in
584 1759 644 1800 rem
666 1740 807 1819 publicam
827 1741 925 1801 merita
946 1742 1064 1818 privatis
1085 1741 1249 1801 dicabantur.

252 1823 387 1881 visuntur
402 1822 501 1882 eadem
517 1843 534 1882 e
548 1826 663 1884 materia
679 1823 809 1885 Caesaris
825 1834 932 1885 statuae
948 1842 1003 1903 qua
1021 1824 1185 1901 Brutorum,
1201 1843 1251 1901 qua

254 1904 442 1965 Camillorum.
471 1905 534 1966 Nec
550 1909 693 1988 discrepat
711 1927 802 1969 causa.
832 1907 877 1967 Illi
894 1910 967 1967 enim
980 1928 1073 1986 reges
1087 1909 1250 1985 hostemque

253 1992 391 2050 victorem
403 1993 551 2053 moenibus
559 1992 743 2072 depulerunt:
755 1993 800 2052 hic
811 2003 930 2070 regnum
941 1994 1046 2071 ipsum,
1061 2010 1192 2070 quaeque
1202 1990 1280 2052 aliato

255 2077 402 2154 captivitas
417 2079 517 2154 gignit,
534 2086 613 2137 arcet
623 2095 657 2136 ac
669 2085 836 2152 summovet,
855 2075 1011 2154 sedemque
1027 2078 1141 2137 obtinet
1156 2076 1248 2156 priuci-

253 2161 314 2238 pis,
330 2180 366 2220 ne
381 2163 416 2221 sit
431 2161 544 2220 domiuo
558 2161 650 2220 locus.
672 2161 717 2220 dc
731 2162 797 2220 mibi
811 2162 929 2220 intuenti
944 2160 1114 2239 sapientiam
1125 2171 1199 2221 tuarn
1207 2161 1249 2217 mi·

253 2262 306 2304 nus
321 2248 420 2303 mirum
434 2245 547 2304 ridetur
562 2245 637 2324 quod
652 2244 785 2305 mortales
806 2246 877 2305 istos
895 2244 1079 2323 caducaeque
1099 2242 1252 2306 titulos'aut
1286 2306 1293 2317 ,

254 2327 419 2407 depreceris
439 2339 486 2388 aut
506 2338 661 2407 temperes.
697 2330 760 2388 Scis
783 2331 856 2387 enim
876 2329 923 2388 ubi
938 2346 1006 2389 vera
1024 2332 1184 2407 principis,
1210 2328 1253 2387 ubi

253 2415 424 2488 sempiterna
436 2415 471 2472 sit
480 2411 580 2490 gloria,
596 2413 643 2472 ubi
655 2414 709 2472 sint
724 2413 847 2472 honores
859 2414 889 2471 in
903 2430 974 2491 quos
989 2406 1059 2472 nibil
1071 2412 1204 2489 dammis,
1218 2414 1292 2471 nib.

253 2493 291 2550 lril
314 2498 471 2572 senectuti,
494 2496 561 2554 nihil
586 2496 803 2556 successoribus
828 2496 922 2556 liceat.
954 2496 1048 2558 Arcus
1063 2497 1139 2556 euim
1155 2507 1187 2557 et
1203 2506 1253 2556 sta·
1284 2514 1288 2531 ¹

252 2583 330 2649 tuas,
346 2595 407 2635 aras
424 2580 507 2635 etiam
523 2578 684 2655 templaque
701 2577 850 2638 demolitur
867 2589 896 2640 et
911 2581 1046 2641 obscurat
1062 2580 1189 2658 obliuio,
1209 2598 1253 2639 ne·

252 2657 345 2733 glegit
366 2661 511 2737 carpitque
532 2663 700 2738 posteritas:
729 2672 826 2722 contra
851 2674 1030 2743 contemptor
1047 2666 1211 2725 ambitionis
1229 2672 1252 2723 et

251 2741 374 2800 infinitae
396 2745 545 2819 potestatis
567 2743 688 2804 domitor
706 2763 740 2805 ac
759 2746 884 2806 irenator
904 2751 1011 2808 animus
1032 2749 1097 2826 ipsa
1114 2756 1252 2809 vetustate

137 2861 140 2865 Δ
252 2824 393 2898 llorescit,
409 2844 464 2885 nec
481 2827 516 2886 ab
532 2827 597 2888 ullis
613 2831 702 2907 magis
718 2828 846 2890 laudatur
860 2850 942 2909 quam
958 2825 1065 2911 quibus
1078 2833 1195 2892 minime
1210 2836 1278 2891 neit

253 2925 337 2967 cesse
354 2918 407 2969 est.
425 2909 635 2974 Praetereunt
649 2917 776 2992 quisque
789 2916 894 2995 fuctus
908 2925 953 2976 est
964 2918 1125 2994 princeps,
1143 2927 1252 2978 extem·

248 2994 298 3067 pto
316 2993 404 3070 furna
425 2996 506 3071 eius,
518 2994 678 3057 'incertum
699 3001 777 3059 bonu
797 3018 839 3059 um
853 3001 952 3075 mula,
977 3006 1113 3061 ceterum
1129 3009 1253 3062 aeterno

252 3086 305 3141 est,
331 3076 393 3136 Nou
411 3098 481 3158 ergo
502 3092 641 3160 perpetua
663 3084 783 3161 principi
806 3082 893 3159 lama,
921 3102 992 3161 quae
1014 3084 1132 3143 inuitum
1153 3092 1253 3159 manet,

251 3161 303 3224 scd
325 3163 399 3222 bona
414 3166 643 3244 concupiscenda
661 3176 719 3226 est:
745 3185 778 3226 ea
794 3185 880 3245 porro
895 3185 951 3227 non
967 3167 1137 3244 imaginibus
1156 3174 1187 3229 et
1203 3179 1254 3229 stu·

251 3249 305 3306 tuis
328 3247 380 3306 scd
405 3251 507 3309 virtute
534 3268 567 3309 ac
592 3251 700 3311 meritis
726 3260 903 3328 prorogatur.
945 3251 1126 3324 Quinetiam
1149 3252 1281 3313 levioraii

250 3329 339 3405 haec,
366 3330 482 3392 lormam
508 3336 644 3413 principis
667 3334 856 3413 figuramque,
884 3353 941 3395 non
963 3353 1058 3394 aurum
1083 3335 1189 3399 melius
1212 3335 1256 3396 vel

250 3422 396 3486 argentum
420 3435 502 3493 quam
524 3418 604 3476 lavor
632 3419 770 3477 bominum
798 3421 936 3497 exprimat
961 3428 1127 3497 teneatque.
1176 3418 1257 3494 Quod

252 3493 364 3570 quidem
385 3498 498 3576 prolixe
520 3501 571 3560 tibi
594 3502 790 3581 cumulateque
813 3505 967 3581 contingit,
999 3505 1079 3562 cuius
1101 3502 1257 3566 laetissima
