2588 4116
213 204 275 266 238
304 199 745 264 c.Pt1N1ETTRh1nN1EP.
759 193 924 263 nro-mr.
942 200 1142 279 [nno—run]

187 365 285 428 3runt.
308 353 361 413 Hic
374 371 488 432 quoque
505 370 562 412 non
576 353 757 413 mediocriter
775 351 881 412 haereo
902 370 938 411 ne
962 353 1135 432 cuiusquam
1149 373 1175 414 re

215 439 350 500 habeatur
363 439 450 505 ratio;
472 435 620 514 dandaque
642 454 714 514 quae
734 445 801 495 tuno
818 454 881 496 cum
897 438 1050 498 vincerent
1067 438 1173 500 nonde

215 524 324 584 buntur.
347 519 431 597 Rogo
448 537 519 597 ergo
534 529 564 579 ut
579 519 779 580 dubitationem
793 537 884 580 meam
896 538 1021 598 regere,
1045 522 1076 581 id
1094 532 1154 600 est,

215 608 316 667 nelicia
333 616 379 666 tua
397 606 576 682 interpretari
591 606 655 681 ipse
671 603 807 680 digneris.

581 734 721 797 oxvrnr.
736 736 848 815 [cxxi

549 834 713 887 TRAIANUS
730 835 835 886 PLlNlO
854 835 881 888 S.

279 936 456 998 lselasticum
470 947 537 998 tunc
553 938 671 1015 primurn
685 935 752 995 mihi
765 935 877 995 videtur
890 936 1022 1014 incipere
1035 936 1150 1016 deberi,
1164 958 1175 998 o

217 1021 280 1099 quis
292 1024 319 1080 in
335 1022 477 1081 civitatem
489 1038 567 1081 suam
581 1022 645 1099 ipse
662 1012 844 1098 εἰσήλασεν.
878 1019 1005 1081 Obsonia
1017 1037 1123 1081 eorum
1138 1040 1175 1082 cer

215 1106 318 1164 minum
334 1122 407 1183 quae
422 1103 568 1166 iselastica
582 1122 649 1164 esse
664 1103 866 1183 placuimihi,
883 1106 907 1162 si
924 1112 990 1165 ante
1006 1105 1175 1167 iselasticar

215 1189 346 1266 fuerunt,
371 1197 455 1248 retro·
476 1205 532 1248 nou
559 1187 707 1248 debentur.
741 1185 805 1247 Nec
832 1188 973 1266 prolicere
1001 1207 1058 1268 pro
1083 1190 1175 1251 deside

215 1272 382 1334 athletarum
398 1282 495 1351 potest
509 1273 576 1352 quid
594 1288 780 1350 eorumquae
801 1281 903 1348 postea
917 1271 1069 1334 iselastica
1086 1292 1145 1336 non
1158 1275 1175 1336 h

216 1359 361 1436 constitui,
379 1366 490 1435 qnam†
507 1359 554 1437 qui
568 1357 674 1433 ierant,
689 1355 824 1433 accipere
839 1354 995 1416 desierunt.
1027 1355 1140 1419 Mutata
1153 1379 1175 1420 er

216 1441 378 1503 conditione
394 1442 575 1502 certaminum
593 1439 683 1500 nihilo
704 1440 795 1501 minus
809 1458 881 1518 quae
897 1449 963 1501 ante
978 1453 1175 1520 peregerantr

213 1534 391 1586 revocantur.

599 1657 683 1719 oxu.
709 1654 835 1736 [oxum

436 1757 463 1809 G.
482 1758 607 1810 PLlNlUS
625 1756 772 1811 mutuno
788 1757 1000 1810 IMPERATORI.

188 1876 202 1926 l
274 1860 373 1940 Usque
388 1864 415 1922 in
430 1862 486 1922 hoc
500 1872 628 1942 tempus,
645 1861 773 1938 domine,
800 1879 895 1942 neque
917 1864 1050 1943 cuiquam
1073 1865 1175 1945 diplom

217 1945 393 2007 commodavi
414 1966 509 2026 neque
528 1949 556 2006 in
573 1964 633 2006 rem
647 1945 732 2007 ullam
747 1947 801 2006 nisi
815 1955 889 2006 tuam
904 1949 975 2007 misi.
1012 1948 1105 2022 Quam
1120 1967 1175 2027 per]

187 2043 287 2096 atnam
303 2031 493 2092 servationem
506 2048 597 2092 meam
612 2031 748 2110 quaedam
762 2032 920 2092 necessitas
934 2033 1022 2111 rupit.
1044 2034 1135 2095 Uxori
1149 2053 1175 2093 er

213 2134 295 2177 meae
311 2116 404 2177 audita
419 2125 511 2176 morte
526 2117 570 2176 uvi
585 2115 693 2175 volenti
704 2114 739 2174 ad
755 2117 863 2175 amitam
879 2134 957 2177 suam
972 2135 1132 2180 cucumere
1144 2137 1175 2178 us

213 2218 311 2261 eorum
328 2219 435 2278 negare
450 2200 547 2260 durum
563 2201 678 2279 putavi,
701 2217 765 2258 cum
780 2198 844 2258 tulis
862 2199 950 2261 oliicii
965 2204 1059 2278 gratia
1073 2205 1103 2263 in
1122 2202 1175 2262 cels

212 2295 271 2346 tate
287 2287 460 2346 consisteret
476 2285 637 2363 sciremque
650 2284 787 2344 rationem
798 2284 908 2343 itineris
925 2285 1127 2364 probaturum,
1144 2304 1175 2346 cu

212 2388 298 2430 causa
314 2379 373 2429 erat
394 2369 495 2447 pietas.
526 2367 605 2428 llaec
626 2368 676 2428 tibi
697 2367 818 2446 scripsi,
845 2367 910 2445 quia
929 2369 996 2428 mihi
1009 2386 1112 2447 parum
1126 2388 1174 2448 gra

212 2453 275 2514 fore
297 2453 431 2529 videbar,
454 2455 478 2511 si
501 2452 725 2513 dissimulassem
740 2453 814 2512 inter
828 2450 883 2511 alia
899 2451 1039 2513 beneficia
1054 2453 1116 2514 hoc
1139 2473 1174 2514 un

210 2554 324 2615 quoque
339 2554 384 2594 me
396 2534 505 2595 debere
519 2535 711 2612 indulgentiae
726 2544 807 2613 tuae,
831 2535 908 2614 quod
926 2536 1029 2598 fiducia
1042 2537 1108 2598 eius
1129 2557 1175 2620 qua

210 2636 293 2695 quam
308 2618 470 2679 inconsulto
484 2627 513 2677 te
528 2635 585 2678 non
597 2617 720 2680 dubitavi
734 2620 832 2681 iacere
849 2636 932 2702 quae,
953 2624 978 2684 si
998 2623 1175 2684 consuluisse

210 2718 277 2761 sero
293 2701 439 2761 fecissem.

588 2836 843 2920 oxx1.[oxx11.]

546 2939 710 2992 TRAIANUS
726 2941 833 2993 PLINIO
853 2940 880 2993 S.

274 3037 377 3101 Merito
397 3038 536 3120 habuisti,
561 3043 695 3105 Secunde
716 3047 878 3123 carissime,
903 3043 1034 3106 fiduciam
1056 3046 1175 3106 enimin

208 3143 264 3187 nec
280 3124 461 3186 dubitandum
477 3127 585 3203 fuisse,
609 3130 633 3187 si
649 3138 851 3207 expectasses‚
874 3129 966 3190 donec
984 3147 1030 3189 me
1051 3131 1175 3192 consule

208 3229 243 3272 an
264 3212 318 3270 iter
339 3212 437 3271 uxoris
455 3220 520 3272 tuae
536 3210 753 3291 diplomatibus,
769 3231 843 3292 quac
859 3213 956 3275 officio
971 3223 1021 3274 tuo
1037 3213 1123 3294 dedi,
1146 3213 1175 3276 ad

207 3294 328 3356 vandum
344 3303 440 3372 esset,
463 3313 526 3356 cum
541 3295 616 3374 apud
629 3299 739 3356 amitam
755 3314 833 3358 suum
849 3308 977 3359 uxortua
993 3298 1119 3361 deberet
1137 3302 1176 3361 eti

209 3377 356 3439 celeritate
371 3379 488 3458 gratiam
502 3379 640 3440 adventus
656 3382 699 3442 sui
716 3398 831 3462 augere.

614 3526 810 3536 m
