2588 4116
303 230 567 292 EPISTULARUM
578 231 722 296 Vllll.16.
736 242 780 296 17.
794 243 891 296 18.19.
1044 232 1105 296 185

547 382 664 443 XVllll.

387 494 414 544 o.
435 493 560 546 ruinius
579 494 697 546 eusom
714 495 774 546 suo
795 493 821 548 s,

161 628 311 706 Significas
328 629 438 706 legisse
456 640 485 691 te
499 633 527 689 in
546 630 664 709 quadam
684 630 806 710 epistula
821 648 885 690 mea
898 633 1017 693 iussisse
1032 631 1129 698 Ver-l

74 713 208 791 5giuium
219 711 324 771 Ruium
338 713 455 775 inscribi
470 714 606 792 sepulcro
622 732 685 792 suo,

205 794 259 856 llic
275 797 345 857 situs
362 806 407 857 est
420 796 528 874 Rutirs,
546 797 629 876 pulso
645 799 693 876 qui
706 797 825 858 Vindice
840 798 980 876 quondam

133 873 136 879 ’
245 882 393 958 imperium
407 879 533 942 adseruit
546 898 602 941 non
617 881 671 941 sibi
686 881 738 940 sed
753 883 868 960 patriae.

99 961 298 1042 Reprehendis
327 965 403 1041 quod
429 965 561 1041 iusserit,
592 963 671 1024 uddis
700 966 783 1024 etiam
808 963 911 1023 melius
939 965 1105 1042 rectiusque

98 1045 279 1122 Frontinum,
296 1046 373 1124 quod
387 1050 509 1107 vetuerit
525 1050 638 1107 omnino
653 1057 862 1108 monumentum
880 1048 935 1108 sibi
950 1046 1031 1124 lieri,
1046 1065 1105 1107 me·

54 1145 156 1207 10que
171 1129 206 1189 ad
221 1137 377 1189 extremum
393 1131 460 1208 quid
475 1130 510 1191 de
522 1141 643 1210 utroque
659 1134 777 1193 seutiam
793 1132 929 1192 consulis.
949 1130 1132 1209 Utrumquet

99 1212 204 1288 dilexi,
220 1214 334 1271 miratus
350 1229 412 1272 sum
427 1215 516 1291 magis
532 1233 616 1292 quem
632 1225 663 1275 tu
676 1214 879 1292 reprehendis,
897 1214 991 1292 adque
1003 1215 1041 1274 ita
1055 1215 1105 1273 mi·

97 1306 176 1356 ratus
193 1305 223 1357 ut
244 1312 300 1355 non
316 1303 442 1373 putarem
459 1299 527 1357 satis
546 1315 678 1374 umquam
699 1315 788 1376 posse
805 1297 912 1357 laudari
935 1299 1015 1357 cuius
1030 1315 1105 1356 nune

98 1380 166 1437 milri
181 1378 327 1439 subeunda
345 1378 475 1439 defensio
496 1389 549 1440 est.
582 1379 687 1440 Omnes
709 1397 766 1456 ego
786 1382 833 1458 qui
855 1397 985 1456 magnum
999 1376 1132 1456 aliquida

99 1462 367 1540 memorandumque
383 1462 513 1522 iecerunt
528 1480 585 1523 nou
605 1462 689 1523 modo
707 1463 790 1523 venia
805 1480 904 1523 verum
922 1463 1006 1522 etiam
1022 1462 1106 1521 laude

56 1557 90 1609 15
101 1546 283 1623 dignissimos
297 1546 411 1622 iudico,
433 1547 458 1607 si
480 1546 714 1607 immortalitatem
740 1564 821 1625 quam
841 1563 971 1605 meruere
993 1553 1105 1605 sectan-

100 1639 145 1688 tur
158 1630 319 1708 victurique
333 1631 455 1690 nominis
470 1630 569 1690 lamam
585 1633 725 1710 supremis
742 1631 824 1691 etiam
843 1628 932 1691 titulis
947 1647 1105 1708 prorogare

98 1715 230 1773 nituntur.
264 1711 327 1773 Nec
349 1713 436 1774 facile
457 1731 625 1793 quemquam
647 1715 702 1775 nisi
715 1713 880 1791 Verginium
894 1714 1008 1773 invenio
1025 1714 1134 1773 eutoso

99 1804 174 1856 tauta
190 1799 218 1856 in
236 1796 426 1876 praedicando
450 1798 623 1859 verecundia
638 1807 740 1877 quanta
755 1798 846 1875 gloria
864 1815 901 1857 ex
916 1795 1003 1857 iacto.
1036 1795 1131 1874 lpse5

100 1898 162 1939 sum
176 1883 270 1957 testis,
287 1880 464 1941 familiariter
476 1881 511 1942 al)
526 1899 562 1941 eo
578 1881 700 1941 dilectus
716 1882 923 1960 probatusque,
940 1879 1031 1940 semel
1047 1897 1105 1939 om-

56 1964 166 2022 tonino
181 1980 227 2022 me
241 1963 372 2023 audiente
387 1973 556 2041 provectum
573 1973 603 2023 ut
618 1964 755 2025 derebus
770 1967 828 2024 suis
846 1964 902 2023 hoc
916 1981 1001 2022 unum
1016 1963 1105 2023 reler-

98 2053 153 2120 ret,
169 2047 208 2105 ita
220 2063 319 2105 secum
333 2044 483 2124 aliquando
497 2045 628 2105 Cluvium
644 2046 771 2106 locutum
787 2048 869 2123 meis,
887 2045 1016 2122 Vergini,
1033 2064 1106 2123 quae

98 2129 234 2187 historiae
251 2126 322 2187 fides
337 2127 490 2187 debeatur:
505 2129 625 2206 proinde
637 2131 661 2189 si
677 2130 744 2207 quid
760 2132 788 2187 in
804 2129 929 2188 historiis
944 2131 1014 2187 meis
1031 2128 1105 2205 legis

99 2210 182 2270 aliter
204 2228 238 2270 ac
257 2209 348 2287 velis,
379 2228 452 2287 rogo
475 2212 631 2288 ignosous'.
664 2210 709 2270 nd
730 2212 786 2271 hoc
807 2211 856 2269 ille
881 2216 960 2269 ‘tune
980 2213 1105 2287 ignoras,

101 2293 196 2371 Cluvi,
213 2294 278 2354 ideo
294 2311 339 2353 me
354 2292 462 2354 fecisse
481 2293 558 2371 quod
572 2292 647 2371 leci,
662 2304 693 2353 ut
707 2303 787 2354 esset
801 2293 920 2353 liberum
935 2293 1018 2353 robis
1035 2296 1106 2354 scri·

56 2379 171 2438 25bere
190 2396 262 2456 quae
277 2374 443 2437 libuisset'?
462 2377 527 2455 Age
543 2376 619 2455 dum,
637 2377 712 2437 hunc
727 2379 820 2456 ipsum
833 2375 996 2436 Frontinum
1009 2377 1036 2435 in
1050 2376 1132 2435 hoco

99 2463 163 2539 ipso
181 2464 281 2539 inquo
299 2461 349 2520 tibi
365 2462 479 2539 parcior
491 2461 604 2522 videtur
618 2470 648 2520 et
669 2463 797 2540 pressior
812 2476 1016 2538 comparemus.
1049 2458 1106 2519 Ve-

100 2546 153 2604 tuit
168 2546 278 2604 exstrui
293 2546 507 2605 monimentum:
529 2546 582 2606 sed
598 2545 701 2623 quibus
719 2541 838 2605 verbis?
861 2546 993 2621 ‘inpensa
1008 2560 1106 2603 monu-

101 2626 189 2685 menti
205 2642 382 2702 supervacua
397 2637 456 2689 est:
478 2630 614 2690 memoria
633 2631 723 2689 nostri
745 2628 871 2705 durabit,
888 2630 912 2688 si
927 2628 985 2687 vita
1002 2628 1106 2685 merui·

101 2712 187 2768 mus'
218 2710 264 2768 An
278 2712 438 2770 restrictius
458 2712 601 2772 arbitraris
616 2731 670 2791 per
687 2713 786 2773 orbem
800 2722 937 2772 terrarum
953 2710 1107 2788 legendum

56 2803 93 2856 30
102 2791 169 2851 dare
182 2790 340 2858 duraturam
353 2796 515 2854 memoriam
531 2813 608 2855 suam
623 2814 705 2873 quam
722 2812 777 2856 uno
793 2797 821 2855 in
833 2795 903 2856 loco
918 2795 1029 2855 duobus
1041 2811 1106 2854 rer·

102 2873 201 2935 siculis
218 2877 331 2952 signare
353 2874 429 2953 quod
452 2876 581 2938 leceris?
605 2878 776 2958 Quamquam
792 2897 849 2939 non
864 2879 956 2939 habco
972 2878 1132 2956 proposi-7

100 2968 158 3018 tum
174 2956 254 3017 illum
266 2958 512 3038 reprehendendi,
536 2962 588 3020 sed
603 2961 677 3022 hunc
691 2963 805 3022 tuendi:
822 2964 903 3022 cuius
920 2979 993 3038 quae
1008 2969 1107 3039 potest

101 3042 175 3120 apud
190 3051 220 3101 te
235 3043 336 3102 iustior
352 3060 419 3103 esse
442 3042 589 3121 defensio,
612 3063 694 3123 quam
710 3064 747 3105 ex
766 3044 926 3104 conlatione
942 3045 1005 3103 eius
1021 3058 1105 3120 quem

101 3123 282 3203 praetulisti?
313 3124 380 3185 lleo
402 3126 516 3204 quidem
537 3127 641 3188 iudicio
665 3136 767 3188 neuter
788 3126 959 3204 culpandus,
987 3134 1134 3201 quorum8

57 3216 221 3286 35uterque
236 3207 271 3267 ad
287 3208 408 3285 gloriam
422 3213 483 3287 pari
500 3211 670 3290 eupiditate,
692 3211 806 3270 diverso
825 3212 926 3268 itinere
949 3207 1106 3283 contendit,

101 3290 189 3369 alter,
214 3292 278 3370 dum
300 3295 411 3370 expetit
432 3292 544 3355 debitos
568 3294 682 3370 titulos,
704 3292 793 3369 alter,
815 3290 880 3351 dum
894 3289 1000 3352 mavult
1016 3289 1108 3350 videri

102 3377 319 3455 contempsisse.
350 3375 432 3436 Vale.
