2588 4116
350 218 614 280 EPISTULARUM
628 219 702 280 Vlll.
725 230 768 283 12.
781 231 824 285 13«
837 232 879 284 14.
1063 224 1121 285 163

108 374 315 433 iunctissimum
333 371 495 451 exemplar,
520 374 567 451 qui
587 372 710 449 denique
734 391 798 433 eum
819 376 997 452 potissimum
1013 377 1120 437 imitan·

109 457 173 516 dum
189 456 278 517 babes
299 458 344 515 eui
359 466 455 516 natura
474 474 541 517 esse
558 467 586 516 te
601 456 770 516 simillimum
783 458 882 517 voluit.
915 459 996 519 Vale.

568 587 661 648 Xllll.

384 689 410 738 Ο.
429 688 555 740 PLINIUS
573 687 725 738 ARISTONI
745 688 805 740 SUO
825 688 850 738 S.

172 790 243 851 Cum
257 792 298 852 sis
317 793 506 870 peritissimus
522 802 552 852 et
567 793 667 871 privati
684 791 753 850 iuris
769 801 798 851 et
815 791 939 869 publici,
956 793 1036 853 cuius
1052 812 1118 872 pars
1127 821 1142 872 l

108 877 280 938 senatorium
298 886 360 953 est,
384 878 470 955 cupio
490 894 528 936 ex
542 885 572 936 te
593 877 772 955 potissimum
787 876 901 952 audire,
920 881 1074 937 erraverim
1090 881 1118 938 in

107 971 206 1022 senatu
227 961 356 1040 proxime
380 979 490 1038 necne,
519 977 575 1020 non
595 961 672 1021 utin
693 962 875 1038 praeteritum
897 961 1008 1039 (serum
1026 964 1116 1041 enim)

105 1063 204 1105 verum
221 1054 251 1104 ut
265 1045 293 1103 in
309 1044 449 1122 futurum,
468 1047 493 1105 si
509 1044 576 1123 quid
591 1045 683 1105 simile
703 1045 852 1122 inciderit,
873 1045 992 1105 erudiar.
1025 1046 1142 1122 Diccs2

63 1135 171 1196 10‘cur
186 1129 300 1207 quaeris
318 1127 394 1206 quod
411 1146 499 1189 nosse
515 1127 681 1190 debebas‘l'
710 1128 836 1188 Priorum
852 1139 1010 1208 temporum
1026 1134 1115 1191 servi·

104 1223 149 1274 tus
167 1223 196 1273 ut
211 1212 327 1272 aliarum
345 1214 511 1290 optimarum
531 1213 630 1273 artium
652 1215 694 1272 sic
709 1214 794 1272 etiam
807 1214 876 1272 iuris
892 1215 1026 1274 senatorii
1042 1216 1114 1275 obli-

104 1301 218 1356 vionem
240 1296 377 1374 quandam
400 1306 430 1356 et
453 1298 638 1373 ignorantiam
659 1295 775 1355 induxit.
814 1295 924 1368 Quoius
946 1299 1019 1357 enim
1038 1302 1141 1376 quis-3

104 1400 161 1460 que
185 1390 239 1440 tarn
260 1381 371 1459 patiens
393 1389 423 1439 ut
444 1379 515 1441 velit
537 1380 650 1440 discere
673 1379 750 1458 quod
771 1380 800 1439 in
814 1398 867 1439 usu
883 1398 940 1439 non
955 1383 991 1440 sit
1005 1381 1113 1442 habitu·

103 1463 173 1524 rus?
194 1463 280 1524 Adde·
294 1464 370 1543 quod
385 1463 503 1524 difficile
521 1473 566 1525 est
582 1473 682 1524 tenere
695 1482 768 1542 quae
784 1465 945 1542 acceperis,
962 1465 1016 1523 nisi
1032 1484 1114 1526 exer·

62 1560 93 1611 15
104 1568 181 1609 ceas.
205 1549 303 1627 ltaque
319 1548 437 1609 reducta
453 1548 570 1610 libertas
582 1549 668 1608 rudes
684 1565 736 1608 nos
753 1557 782 1607 et
796 1549 935 1626 inperitos
953 1547 1099 1627 deprehen

102 1633 155 1701 dit;
186 1635 266 1698 cuius
288 1630 441 1693 dulcedine
462 1635 579 1694 accensi
605 1633 734 1711 cogimur
761 1631 898 1712 quaedam
924 1633 1022 1692 iacere
1047 1644 1112 1695 autc

102 1735 292 1796 quamnosse.
325 1716 393 1777 Erat
412 1728 506 1778 autem
523 1719 675 1795 antiquitus
698 1719 854 1779 institutum
873 1727 903 1777 ιιι
923 1719 1135 1783 amuiorihus4

100 1811 164 1862 natu
180 1821 236 1861 non
254 1803 368 1863 auribus
388 1803 474 1862 modo
495 1803 697 1864 verumetiam
719 1802 810 1862 oculis
834 1802 1011 1861 disceremus
1037 1821 1110 1881 quae

100 1886 230 1946 iacienda
251 1904 317 1946 mox
337 1887 393 1964 ipsi
412 1905 447 1946 ac
468 1904 521 1965 per
541 1887 623 1947 vices
643 1882 777 1964 quasdam
799 1885 933 1946 tradenda
953 1887 1109 1948 minoribus

57 1969 279 2030 donaberemus.
312 1967 381 2029 lude
402 1968 610 2030 adulescentuli
632 1972 725 2031 statim
748 1971 942 2031 castrensibus
958 1971 1135 2049 stipendiisf)

99 2054 310 2128 imbuebantur,
333 2062 363 2111 ut
376 2053 516 2130 imperare
531 2052 674 2130 parendo,
691 2053 780 2113 duces
795 2072 899 2130 agere,
924 2052 989 2111 dum
1005 2073 1108 2114 seeun-

100 2147 154 2213 tur,
172 2136 393 2197 adsuescerent:
409 2135 475 2194 inde
490 2135 615 2196 honores
631 2137 747 2214 petituri
763 2136 938 2196 adsistebant
953 2137 1048 2196 curiae
1065 2138 1079 2196 l
1097 2171 1108 2181 -

98 2222 176 2282 ribus
192 2230 222 2280 et
235 2217 346 2281 consilii
359 2218 466 2299 publici
478 2228 659 2297 spectatores
674 2227 739 2278 ante
753 2238 835 2297 quam
851 2229 1002 2280 consortes
1018 2232 1106 2281 erant.

98 2308 173 2367 Suus
195 2306 299 2385 cuique
321 2323 424 2384 pareus
446 2321 499 2383 pro
521 2305 677 2381 magistro,
698 2313 745 2363 aut
766 2305 812 2363 cui
835 2321 939 2381 parens
961 2321 1016 2362 non
1033 2315 1133 2382 erat,6

55 2403 88 2455 ἰιι
98 2393 233 2452 maximus
249 2391 370 2469 quisque
386 2399 415 2450 et
429 2389 640 2450 vetustissimus
655 2405 707 2467 pro
723 2397 852 2468 parente.
880 2386 960 2461 Quae
976 2397 1106 2465 potestas

97 2476 306 2553 referentibus,
329 2475 406 2553 quod
428 2475 611 2535 censentibus
632 2475 694 2551 ius,
721 2491 793 2553 quae
815 2473 859 2533 vis
881 2472 1104 2550 magistratibus,

98 2578 170 2639 quae
187 2561 293 2619 ceteris
309 2558 443 2637 libertas,
465 2559 512 2620 ubi
535 2559 710 2635 cedendum,
734 2559 783 2618 ubi
800 2556 1007 2632 resistendum,
1028 2558 1104 2636 quod

98 2644 200 2703 silendi
217 2653 347 2721 tempus,
369 2646 432 2721 quis
449 2643 561 2703 dicendi
580 2644 698 2718 modus,
726 2661 799 2721 quae
816 2641 960 2702 distinctio
978 2660 1104 2719 pugnan-

97 2730 165 2788 tium
180 2729 392 2803 sententiarum,
405 2746 477 2804 quae
492 2730 642 2789 exsecutio
657 2728 800 2806 prioribus
812 2726 917 2805 aliquid
928 2726 1103 2796 addentimn;

54 2818 89 2870 30
99 2830 209 2872 omnem
225 2812 347 2890 denique
360 2812 530 2871 senatorium
545 2829 670 2889 morem,
693 2811 770 2891 quod
781 2811 976 2872 fidelissimum
993 2812 1104 2888 praeci-

96 2897 192 2977 piendi
210 2915 318 2974 genus,
343 2895 483 2974 exemplis
501 2895 686 2957 docebantur.
720 2896 766 2956 Ad
788 2913 840 2956 nos
862 2897 982 2956 iuvenes
1000 2894 1130 2961 luimus?

97 2982 210 3061 quidem
227 2983 255 3041 in
273 2981 388 3049 castris;
413 2979 465 3040 sed
480 2997 543 3038 oum
558 2991 695 3059 suspecta
709 2982 818 3058 virtus,
841 2981 941 3040 inertia
955 2979 982 3036 in
998 2980 1102 3056 pretio,

96 3087 159 3126 cum
174 3067 293 3127 ducibus
306 3065 457 3125 auctoritas
475 3063 569 3142 nulla,
584 3065 661 3124 nulla
674 3064 810 3125 militibus
823 3061 1013 3138 verecundia,
1036 3081 1103 3122 nus-

96 3169 177 3231 quam
187 3152 345 3229 imperium,
359 3168 495 3228 nusquam
507 3149 686 3228 obsequium,
705 3149 795 3208 omnia
810 3146 915 3223 soluta,
929 3145 1038 3204 turbata
1054 3144 1103 3204 ad·

52 3244 150 3315 tuque
172 3236 256 3296 etiam
272 3236 300 3294 in
322 3235 492 3295 contrarium
507 3252 609 3310 uersa,
634 3242 781 3312 postremo
802 3226 999 3290 obliviscenda
1011 3230 1101 3306 magis

96 3338 179 3399 quam
192 3319 324 3381 tenenda.
358 3317 437 3378 ldem
458 3319 660 3397 prospeximus
676 3316 798 3392 curiam,
825 3312 878 3374 sed
895 3312 1000 3372 curiam
1014 3313 1127 3392 tropi-8

96 3406 157 3464 dam
172 3415 201 3465 et
221 3403 381 3482 elinguem,
405 3420 468 3461 cum
485 3401 585 3463 dicere
598 3399 673 3478 quod
690 3398 784 3460 velles
798 3396 1009 3477 periculosum,
1025 3395 1101 3476 quod

96 3489 189 3551 nolles
205 3491 338 3550 miserum
359 3496 449 3550 esset.
481 3484 555 3559 Quid
574 3495 641 3545 tunc
663 3482 735 3544 disci
751 3484 859 3561 potuit,
883 3480 949 3560 quid
965 3480 1100 3542 didicisse

877 3564 938 3629 ll*

81 718 98 768 ὃ
