2588 4116
434 235 699 297 PANEGYRIGUS
719 245 763 299 63.
775 245 819 299 64.
829 246 872 298 65.
1092 234 1155 298 ‘279

141 389 302 452 senatores.
333 390 467 469 Plerique
482 398 577 450 tamen
591 404 648 449 non
662 396 717 447 tam
733 389 866 466 superbia
883 407 964 467 quam
983 398 1061 449 metu
1082 407 1153 467 quo·

142 475 204 534 dam
216 474 474 534 summovebantur.
489 472 534 531 An
545 482 708 550 stuprorum
719 472 774 531 sibi
785 474 1015 549 incestarumque
1028 475 1153 532 noctium

142 560 269 634 conscii,
292 559 420 636 auspicia
436 554 567 635 polluere
582 564 778 632 sacratumque
797 573 924 633 campum
938 555 1050 614 nefario
1066 556 1152 615 aude·

140 650 204 701 rent
226 644 415 701 contaminare
435 635 583 717 vestigio?
610 636 674 698 Non
693 637 767 698 adeo
789 638 860 698 deos
877 639 1065 716 hominesque
1084 657 1151 699 con·

113 733 333 802 stempserant,
353 733 383 783 ut
398 726 426 782 in
440 722 488 782 illa
502 723 716 800 speciosissima
736 721 806 782 sede
820 722 963 782 hominum
975 722 1151 801 deorumque

141 811 290 867 coniectos
312 811 340 868 in
362 826 394 868 se
418 806 519 867 oculos
535 806 612 865 ferre
628 824 661 865 ac
679 807 792 884 perpeti
808 814 936 883 possent.
974 805 1037 864 Tibi
1054 817 1152 866 eontra

140 900 168 949 et
181 891 337 951 moderatio
352 899 399 950 tua
414 891 502 950 suasit
517 899 545 949 et
560 892 694 950 sanctitas
709 898 739 947 ut
750 897 778 948 te
796 898 826 949 et
839 889 973 966 religioni
989 890 1107 949 deorum
1121 899 1151 949 et

139 973 250 1034 iudiciis
266 975 408 1034 hominum
423 974 586 1033 exhiberes.
619 973 676 1032 Alii
698 972 875 1033 consulatum
891 982 955 1032 ante
975 991 1057 1052 quam
1073 975 1148 1032 acci·
1160 970 1202 1035 64

139 1066 258 1135 perent,
286 1067 318 1117 tu
339 1066 368 1117 et
391 1057 455 1116 dum
477 1058 585 1135 accipis
600 1058 737 1117 meruisti.
771 1055 888 1117 Peracta
905 1067 984 1117 erant
1000 1056 1149 1118 sollemnia

96 1149 130 1201 10
140 1142 334 1218 comitiorum,
361 1141 386 1200 sl
406 1141 564 1218 prinoipem
586 1142 747 1217 cogitares,
775 1142 886 1218 iamque
903 1159 936 1200 se
958 1143 1047 1199 omnis
1068 1140 1149 1200 turba

140 1231 350 1301 commoverat,
379 1239 442 1282 oum
461 1231 490 1280 tu
511 1224 675 1283 mirantibus
699 1226 810 1284 cunctis
832 1224 948 1282 accedis
970 1223 1005 1281 ad
1022 1223 1149 1283 consulis

138 1306 256 1384 sellam,
273 1305 443 1383 adigendum
458 1315 486 1366 te
501 1306 624 1383 praebes
638 1308 666 1364 in
677 1306 765 1365 uerba
779 1308 956 1384 principibus
965 1307 1061 1381 ignota
1068 1318 1079 1382 ¹,
1095 1308 1149 1366 nisi

139 1408 203 1448 cum
219 1391 310 1449 iurare
327 1400 467 1466 cogerent
478 1389 561 1449 alios.
582 1388 671 1448 Vides
683 1407 766 1467 quam
778 1391 972 1448 necessarium
984 1388 1068 1448 luerit
1082 1405 1149 1447 oon·

137 1472 258 1532 sulatum
268 1490 325 1532 nou
337 1491 482 1533 recusare.
504 1470 568 1532 Non
581 1481 760 1550 putassemus
772 1472 847 1532 istud
859 1482 887 1531 te
897 1472 1035 1532 iacturum
1046 1472 1146 1546 fuisse,

95 1559 162 1617 lbsi
182 1574 360 1617 recusasses.
399 1556 526 1635 Stupeo,
556 1566 652 1634 patres
675 1558 846 1633 conscripti,
873 1556 995 1615 necdum
1015 1557 1084 1616 satis
1102 1565 1149 1613 aut

138 1639 231 1700 oculis
249 1643 319 1699 meis
342 1651 389 1700 aut
410 1641 524 1700 auribus
547 1640 648 1715 credo,
670 1648 757 1718 atque
773 1639 928 1700 identidem
943 1658 989 1699 me
1004 1657 1037 1698 an
1052 1638 1147 1699 audie·

137 1725 206 1800 rim,
232 1743 266 1783 an
286 1724 404 1783 viderim
424 1726 582 1802 interrogo.
616 1723 775 1801 imperator
791 1742 862 1800 ergo
880 1733 908 1782 et
924 1721 1030 1782 Caesar
1046 1732 1075 1782 et
1091 1722 1147 1781 Au·

137 1816 238 1883 gustus
252 1816 281 1867 et
296 1808 427 1887 pontifex
448 1810 584 1869 maximus
599 1810 678 1867 stetit
694 1818 758 1867 ante
775 1810 913 1885 gremium
932 1806 1077 1885 consulis,
1101 1826 1147 1866 se·

138 1891 234 1968 ditque
251 1890 351 1950 consul
365 1894 496 1969 principe
513 1901 578 1950 ante
593 1910 625 1949 se
641 1901 752 1969 stante,
772 1902 801 1950 et
823 1892 897 1950 sedit
911 1891 1084 1966 inturbatus,
1106 1892 1146 1948 in·

91 1985 128 2038 20
136 1975 271 2048 territus,
286 1982 314 2032 et
328 1984 468 2050 tamquam
483 1976 520 2031 ita
536 1975 598 2031 lieri
614 1972 731 2032 soleret.
757 1973 928 2044 Quinetiam
943 1973 1048 2033 sedens
1064 1990 1147 2049 prae·

135 2058 186 2115 ivit
202 2057 244 2114 ius
256 2055 419 2132 iurandum,
429 2064 457 2114 et
468 2055 519 2114 ille
531 2056 640 2131 iuravit,
658 2057 812 2133 expressit,
830 2054 1048 2133 explanavitque
1059 2055 1148 2115 verba

136 2138 240 2216 quibus
265 2147 349 2217 caput
365 2156 462 2215 suum,
485 2137 596 2197 domum
611 2155 706 2214 suam,
731 2138 755 2197 si
771 2140 867 2197 sciens
883 2137 1055 2213 leiellisset,
1079 2137 1147 2196 deo-

135 2240 197 2282 rum
215 2222 273 2281 irae
291 2230 485 2282 consecraret.
509 2218 632 2297 lugens,
647 2219 770 2297 Caesar,
787 2229 817 2281 et
831 2239 882 2299 par
898 2220 990 2297 gloria
1004 2229 1068 2296 tua,
1085 2223 1146 2280 sive

136 2306 259 2365 feceriut
277 2305 351 2364 istud
367 2313 469 2385 postea
485 2305 631 2384 principes
646 2306 709 2364 sive
723 2321 780 2363 non
796 2303 926 2364 iecerint.
962 2302 1061 2363 Ullane
1078 2305 1147 2363 satis

88 2399 126 2451 25
137 2389 221 2466 digna
236 2389 411 2468 praedicatio
427 2398 473 2448 est
484 2388 558 2447 idem
571 2389 659 2459 tertio
674 2386 821 2447 consulem
832 2387 941 2448 fecisse
954 2385 1031 2465 quod
1044 2388 1146 2465 primo,

136 2472 211 2531 idem
234 2475 394 2551 principem
414 2471 490 2550 quod
511 2472 666 2550 privatum,
694 2471 768 2531 idern
784 2473 985 2549 imperatorem
1001 2469 1077 2548 quod
1092 2470 1146 2529 sub

136 2553 331 2632 imperatore?
358 2555 466 2615 Nescio
486 2557 556 2633 iam,
583 2557 683 2615 nescio
706 2553 891 2633 pulchriusne
916 2557 952 2615 sit
973 2554 1048 2614 istud
1070 2553 1146 2632 quod

136 2647 293 2715 praeeunte
309 2638 404 2715 nullo,
419 2657 453 2697 an
468 2639 525 2697 hoc
541 2638 617 2716 quod
632 2638 688 2699 alio
704 2648 859 2717 praeeunte
875 2640 982 2698 iurasti.
1002 2637 1034 2697 ln
1044 2639 1145 2697 rostris
1156 2631 1198 2695 65
1250 2688 1253 2693 ⁴

136 2738 253 2798 quoque
275 2720 357 2780 simili
378 2720 518 2797 religione
540 2723 604 2799 ipse
625 2733 653 2781 te
677 2722 792 2799 legibus
823 2709 986 2797 subiecisti,
1020 2721 1145 2798 legibus,

88 2817 127 2869 30
139 2802 261 2880 Caesar,
286 2821 356 2882 quas
376 2820 459 2863 nemo
476 2806 597 2882 principi
613 2807 737 2884 scripsit.
764 2805 822 2866 Sed
838 2815 866 2865 tu
883 2806 951 2866 nihil
968 2806 1088 2883 amplius
1103 2806 1147 2865 vis

136 2887 186 2946 tibi
202 2886 291 2946 licere
309 2905 391 2965 quam
405 2888 502 2947 nobis:
523 2889 566 2947 sic
587 2889 661 2948 litut
677 2906 730 2948 nos
746 2890 796 2949 tibi
811 2890 876 2968 plus
893 2891 1024 2965 velimus.
1062 2886 1146 2960 Quod

137 2988 194 3047 ego
209 2988 283 3030 nunc
299 2971 418 3049 primum
434 2971 533 3046 audio,
549 2990 624 3031 nunc
640 2975 757 3049 primum
769 2973 867 3049 diseo,
884 2991 940 3032 nou
954 2981 998 3032 est
1010 2974 1146 3050 princeps

136 3070 225 3130 super
239 3054 334 3131 leges,
353 3054 404 3113 sed
419 3053 503 3131 leges
518 3073 606 3133 super
617 3058 791 3134 principem,
806 3056 938 3132 idemque
951 3052 1066 3115 Caesari
1079 3073 1146 3115 con·

136 3136 191 3196 suli
208 3137 284 3214 quod
301 3139 406 3197 ceteris
423 3137 572 3198 nonlicet.
605 3137 682 3199 Iurat
697 3141 724 3198 in
740 3139 836 3215 legem
850 3137 1061 3197 attendentibus
1077 3136 1145 3204 diis;

90 3232 200 3284 35nam
222 3222 266 3280 cui
288 3222 377 3298 magis
399 3238 482 3298 quam
504 3218 621 3282 Caesari
644 3218 807 3281 attendant?
836 3223 907 3279 iurat
929 3219 1146 3280 observantibus

136 3305 171 3362 iis
185 3304 286 3381 quibus
301 3303 376 3363 idem
391 3304 536 3363 iurandum
551 3314 615 3380 est,
638 3322 696 3363 non
709 3307 824 3381 ignarus
841 3303 947 3381 alioqui
963 3302 1066 3361 nemini
1080 3299 1146 3360 reli-

136 3387 246 3462 giosius
263 3387 339 3463 quod
353 3387 489 3446 iuraverit
504 3386 719 3446 custodiendum
733 3403 816 3465 quam
831 3388 911 3446 cuius
926 3387 1045 3444 maxime
1061 3387 1145 3444 inter·

137 3479 183 3529 est
202 3488 258 3529 non
279 3473 410 3547 peierari.
446 3467 546 3547 ltaque
567 3478 597 3528 et
612 3469 737 3530 abiturus
755 3470 904 3529 consulatu
921 3470 1017 3529 iurasti
1034 3477 1063 3528 te
1078 3467 1146 3527 nitu
