2588 4116
470 228 731 288 EPISTULARUM
746 230 767 289 1.
788 240 829 292 m.
1113 230 1153 293 19

147 381 213 443 Non
228 384 302 442 enim
321 390 462 458 amputata
483 380 572 438 oratio
592 388 620 438 et
639 380 752 440 abscisa
772 380 823 439 sed
838 380 893 440 lata
912 391 941 440 et
963 383 1109 459 magnilica
1124 394 1153 442 ct

149 464 267 526 excelsa
287 472 380 539 tonat,
401 462 543 539 fulgurat,
565 465 657 524 omnia
680 463 801 542 denique
821 465 966 542 perturbat
988 482 1021 523 ac
1041 468 1151 525 miscet.

150 549 278 627 Optimus
299 556 392 606 tamen
415 546 515 607 modus
535 554 588 605 est.
628 544 698 618 Quis
718 543 825 622 negat?
850 546 903 607 sed
922 564 978 605 non
992 551 1081 608 miuus
1096 561 1194 612 nonno

150 641 244 692 servat
265 627 377 690 modum
401 631 448 706 qui
468 628 540 689 inira
559 645 620 689 rem
639 647 721 707 quam
737 632 785 708 qui
799 647 901 707 supra,
931 631 978 708 qui
993 630 1153 691 adstrictius

122 724 232 793 squam
249 715 296 792 qui
313 713 430 774 eliusius
453 712 529 772 dicit.
563 710 663 790 ltaque
683 711 761 772 audis
776 713 944 792 frequenter
959 713 1072 774 utillud
1091 717 1192 778 ‘im-at

148 796 261 858 modice
283 806 312 857 et
333 794 534 856 redundante‘r'
551 797 589 855 ita
608 795 664 856 boc
681 797 787 856 ‘ieiune
802 806 830 857 et
845 797 976 857 infirme’.
1004 797 1087 859 Alius
1103 817 1152 858 cx·

150 883 277 942 cessisse
292 882 446 957 materiam,
461 878 533 941 alins
549 879 651 940 dicitur
665 896 721 940 non
738 880 875 959 inplesse
898 880 1001 959 Aeque
1018 891 1150 960 uterque,

149 965 202 1026 scd
217 964 266 1025 ille
282 963 486 1041 inbecillitate,
502 964 548 1023 bic
565 963 671 1024 viribus
682 973 800 1062 peccat3
823 963 899 1043 quod
918 975 1009 1043 certe,
1027 967 1081 1027 etsi
1095 983 1152 1025 non

148 1049 305 1124 limatioris,
318 1049 430 1108 maioris
442 1057 535 1107 tamen
541 1048 651 1145 ingenii
660 1049 756 1108 vitimn
768 1058 823 1109 est.
838 1046 901 1108 Nec
911 1066 994 1127 vcro,
1006 1068 1070 1109 curn
1080 1047 1151 1108 haec
1159 1060 1194 1111 22

106 1146 140 1196 lo
151 1133 227 1209 dico,
244 1130 322 1191 illum
337 1120 548 1191 Homericum'
522 1131 717 1227 αμετροειιῆ
734 1133 843 1208 probo,
859 1132 912 1191 sed
925 1132 1000 1193 hunc

287 1210 341 1274 uod
354 1211 434 1273 ἔπεα
445 1207 647 1292 νιφάδεσσιν
658 1209 789 1273 ἐοικότα
801 1214 1017 1294 χειμερίῃσιν·

149 1316 207 1358 non
225 1301 290 1376 quia
305 1315 361 1355 non
376 1307 404 1356 et
418 1295 469 1356 ille
484 1295 551 1354 mihi
567 1294 740 1355 validissime
757 1297 882 1395 placeat,

290 1379 403 1455 παῦρα
414 1371 486 1454 μὲν,
500 1369 583 1438 dttd
600 1371 687 1454 μάλα
698 1375 831 1455 λιγέως

150 1466 175 1523 si
189 1474 283 1523 tamen
299 1461 381 1521 detur
395 1460 519 1538 electio,
536 1460 611 1521 illam
629 1463 783 1522 orationem
798 1461 920 1522 similem
933 1462 1044 1522 nivibus
1060 1460 1153 1521 hiber·

105 1556 139 1606 15
148 1549 209 1622 nis,
231 1546 259 1605 id
280 1555 325 1605 est
341 1545 469 1605 crebram
487 1554 516 1606 et
530 1545 673 1605 adsiduam
687 1555 717 1606 et
732 1546 854 1624 largam,
870 1556 1016 1625 postremo
1033 1546 1153 1606 divinam

149 1639 179 1689 et
195 1627 368 1706 caelestem,
384 1628 460 1688 volo.
495 1628 542 1688 Ad
554 1638 599 1689 est
613 1631 720 1708 gratior
733 1629 827 1691 multis
843 1633 932 1690 oratio
945 1630 1050 1690 brevis.
1088 1628 1151 1706 Est,
1161 1636 1194 1689 23

148 1712 201 1773 sed
216 1712 370 1791 inertibus,
392 1730 510 1791 quorum
525 1711 642 1774 delicias
656 1713 848 1792 desidiamque
864 1716 944 1793 qnasi
959 1713 1091 1774 iudicium
1107 1733 1152 1772 re·

150 1799 263 1872 spicere
279 1796 427 1856 ridiculum
442 1806 497 1857 est.
519 1794 589 1857 Nam
604 1799 628 1858 si
646 1798 699 1857 hos
717 1800 745 1858 in
760 1798 880 1858 consilio
895 1796 1012 1875 habeas,
1030 1814 1087 1856 non
1105 1815 1150 1858 so·

148 1879 206 1939 lum
227 1881 315 1941 satius
336 1889 381 1940 est
400 1880 527 1941 breviter
543 1879 640 1941 dicere
661 1881 713 1941 sed
728 1885 840 1942 omnino
857 1899 914 1941 non
929 1880 1035 1942 dicore.
1073 1880 1195 1941 Buccis

106 1974 141 2024 ιο
150 1972 194 2022 est
209 1963 300 2023 adhuc
316 1965 455 2024 sententia
469 1982 543 2039 mea,
561 1982 642 2041 quarn
656 1965 785 2041 mutabo,
808 1968 832 2025 si
848 1966 1019 2025 dissenseris
1034 1974 1080 2041 tu,
1100 1964 1152 2023 sed

150 2046 233 2124 plane
251 2064 301 2104 cur
319 2046 468 2123 dissentias
481 2044 612 2121 explices
626 2064 708 2122 rogo.
742 2047 876 2118 Quamvis
893 2050 968 2106 eninr
983 2046 1088 2107 cedere
1105 2066 1152 2106 an-

150 2129 274 2189 ctoritati
286 2137 350 2186 tuae
364 2127 493 2202 debeam,
508 2129 615 2187 rectius
626 2137 719 2186 tamen
734 2129 854 2187 arbitror
867 2131 983 2188 intanta
996 2147 1029 2188 re
1043 2132 1151 2188 ratione

150 2228 235 2289 quam
250 2210 416 2269 auctoritate
432 2211 569 2285 superari
603 2209 723 2268 Proinde
745 2212 769 2269 si
790 2228 846 2270 non
867 2224 962 2268 errare
987 2209 1104 2285 videor,
1124 2210 1193 2268 idio

148 2299 243 2374 ipsum
259 2310 342 2371 quam
356 2291 438 2352 voles
452 2292 534 2353 brevi
549 2291 671 2369 epistula
686 2290 737 2352 sed
758 2301 851 2352 tamen
873 2292 968 2352 scribe
992 2290 1152 2367 (conlima-

107 2379 193 2438 aubis
209 2379 284 2438 enirn
299 2375 430 2437 iudicium
445 2375 571 2454 meum);
592 2378 616 2436 si
632 2393 743 2452 errare,
766 2375 960 2454 longissimam
976 2390 1050 2451 para.
1081 2371 1155 2433 Num

152 2462 265 2539 cormpi
280 2470 321 2538 te,
336 2463 384 2539 qui
399 2460 459 2537 tibi,
478 2480 502 2521 st
496 2458 582 2518 mihi
597 2459 766 2538 accederes,
781 2461 878 2521 brevis
894 2457 1033 2538 epistulae
1050 2476 1153 2519 neces·

151 2547 272 2622 sitatem,
286 2563 310 2605 sr
303 2543 503 2621 dissentires,
521 2543 704 2621 longissimae
719 2542 853 2623 inposui?
880 2544 961 2605 Vale.

615 2677 692 2737 xxt.

107 2798 144 2852 30
360 2773 387 2827 o.
407 2774 532 2824 rutulus
548 2774 654 2824 rurum
672 2772 820 2827 aaronita
841 2772 900 2824 suo
921 2772 947 2827 S.

214 2873 250 2934 Ut
270 2877 352 2936 animi
377 2876 417 2935 tui
437 2874 541 2935 iudicio
563 2877 606 2938 sic
627 2875 775 2935 oculorum
793 2875 942 2954 plurimum
962 2875 1069 2945 tribuo;
1097 2888 1177 2939 nonl

152 2960 216 3037 quia
234 2959 368 3038 multum,
389 2977 425 3018 ne
442 2959 493 3019 tibi
514 2959 648 3038 placeas,
670 2958 722 3019 sed
739 2961 803 3038 quia
820 2968 926 3019 tantum
946 2968 1079 3038 quantum
1095 2977 1151 3036 ego

151 3044 241 3120 sapis:
261 3060 427 3122 quamquam
439 3042 495 3101 boc
512 3060 626 3121 quoque
638 3043 754 3103 multum
769 3053 823 3104 est.
847 3041 965 3103 Omissis
981 3045 1052 3103 iocis
1064 3041 1175 3101 credun

151 3125 289 3188 decentes
308 3146 375 3187 esse
390 3143 491 3187 servos
507 3129 554 3204 qui
571 3135 635 3187 sunt
650 3129 737 3204 empti
750 3125 816 3186 mibi
833 3146 871 3187 ex
886 3125 1006 3186 consilio
1021 3135 1086 3184 tuo:
1105 3141 1152 3183 su-

106 3218 250 3288 asperent
267 3219 295 3270 ut
310 3211 385 3286 frugi
402 3211 474 3286 sint,
498 3210 575 3288 quod
594 3210 629 3270 de
650 3210 797 3271 venalibus
817 3209 918 3269 melius
939 3209 1151 3291 auribusuquam

150 3291 242 3355 oculis
257 3294 403 3355 iudicatur.
438 3292 519 3353 Vale.
