2588 4116
101 248 163 312 ato
527 246 558 306 c,
582 247 678 307 utun
1137 39 1149 319 Ι

101 420 201 479 esses,
217 400 363 461 consulem
378 407 406 458 te
423 398 540 459 baberet
556 408 661 458 tantum
678 418 711 458 an
727 409 755 460 et
771 409 957 475 senatorem,
975 400 1034 459 hoc
1045 418 1109 458 nunc

100 489 175 546 scito
203 488 342 544 interesse
369 484 527 561 principem
550 493 579 542 te
601 483 702 542 lrabeat
724 492 831 555 tantum
850 501 886 543 an
903 492 935 542 et
958 483 1109 543 consulem.

101 570 151 628 llis
168 579 209 628 tot
230 571 370 646 tantisque
391 566 544 625 rationibus
561 584 726 644 quamquam
741 566 859 626 multum
873 565 1021 627 reluctata
1035 585 1109 626 vere·

103 653 203 713 cundia
226 654 361 729 principis
380 652 468 710 nostri
489 649 600 708 tandem
622 659 714 708 tamen
736 651 833 710 cessit.
862 649 903 709 At
932 649 1108 728 quemadmo

102 739 167 797 dum
185 733 294 797 cessit?
318 733 381 792 Non
397 753 429 793 se
445 743 475 794 ut
490 734 621 811 privatis,
643 732 696 793 sed
710 741 740 792 ut
754 735 883 811 privatos
900 734 958 794 sibi
974 752 1063 813 pares
1076 732 1123 796 lat
1146 746 1149 767 ¹

103 830 192 882 ceret.
227 819 350 894 Recepit
371 819 445 876 enirn
460 819 572 878 tertium
589 816 788 894 consulatum,
810 827 841 877 ut
861 817 955 877 daret.
990 816 1107 878 Noverat

101 904 323 963 moderationem
336 901 493 978 bominum,
508 910 624 961 noverat
636 899 788 979 pudorem,
806 902 855 978 qui
868 917 928 959 uon
940 903 1107 962 sustinerent

102 989 187 1047 tertio
205 984 339 1045 consules
357 1003 423 1044 esse
440 987 493 1045 nisi
510 1003 574 1044 cum
587 994 632 1044 ter
648 983 776 1046 consule.
810 983 962 1045 Bellorum
977 983 1056 1045 istud
1069 1000 1106 1043 so·

103 1072 153 1129 ciis
170 1068 251 1145 olim,
278 1069 470 1147 periculorum
487 1069 683 1143 consortibus,
709 1085 797 1146 parce
812 1078 908 1128 tamen
923 1069 1106 1143 tribuebatur,

102 1152 177 1231 quod
196 1162 225 1212 tu
247 1153 435 1230 singularibus
458 1154 541 1227 viris,
568 1169 602 1211 ac
617 1150 652 1210 de
670 1160 697 1211 te
714 1150 828 1228 quidem
842 1152 920 1212 bene
937 1170 972 1211 ac
990 1152 1105 1226 fortiter,
1114 1161 1149 1212 lti

102 1237 152 1296 sed
169 1239 334 1314 praestitisti
350 1239 377 1297 in
392 1244 458 1313 toga
473 1236 587 1295 meritis.
609 1234 761 1312 Utriusque
779 1253 858 1312 cura,
873 1237 1030 1314 utriusque
1044 1236 1106 1311 rigi·
1144 1204 1149 1323 1

101 1322 184 1382 lautia
201 1322 353 1381 obstrictus
370 1339 418 1395 es,
443 1318 556 1379 Caesar.
589 1317 647 1378 Sed
667 1320 695 1376 in
710 1321 840 1396 principe
855 1336 952 1378 rarum
972 1337 1009 1379 ac
1025 1335 1106 1397 prope
1146 1328 1149 1379 ι

101 1404 244 1464 insolitum
260 1413 304 1465 est
320 1413 349 1462 ut
366 1422 397 1462 se
413 1412 493 1481 putet
510 1401 674 1480 obligatum,
692 1410 738 1461 aut
753 1404 777 1461 si
793 1411 885 1480 putet,
902 1412 991 1462 amet.
1016 1402 1106 1463 Debes

102 1506 188 1565 ergo,
207 1486 328 1562 Caesar,
345 1497 374 1546 et
390 1486 489 1546 solvis.
519 1486 576 1545 Sed
593 1504 656 1545 cum
671 1494 715 1545 ter
729 1486 865 1545 consules
881 1485 974 1563 lacis,
992 1503 1049 1546 non
1063 1485 1105 1545 tibi

101 1589 218 1647 magnus
234 1572 385 1648 princeps,
403 1568 454 1629 sed
470 1587 526 1628 non
543 1570 669 1646 ingratus
684 1571 790 1629 amicus
800 1568 919 1629 videris.
940 1569 1018 1643 Quin
1030 1572 1135 1631 etiamlt

102 1671 237 1734 perquam
249 1652 360 1711 modica
369 1652 505 1729 quaedam
519 1655 620 1711 civium
633 1655 730 1712 merita
742 1653 873 1713 fortunae
885 1662 953 1714 tuac
965 1654 1073 1713 viribus
1083 1655 1105 1712 in

101 1740 188 1795 maius
205 1734 328 1795 extollis.
358 1734 458 1794 Efficis
473 1738 547 1794 enim
562 1746 592 1795 ut
606 1746 711 1796 tantum
726 1737 775 1797 tibi
795 1739 919 1815 quisque
932 1739 1106 1815 praestitisse

101 1818 229 1877 videatur
240 1827 370 1895 quantum
385 1837 400 1877 a
415 1828 443 1878 te
458 1821 569 1897 recipit.
588 1819 662 1892 Quid
674 1821 720 1881 isti
735 1810 904 1898 benignitati
917 1816 1040 1899 precer?
1053 1821 1105 1878 nisi

102 1912 132 1961 ut
148 1920 262 1980 semper
277 1902 406 1979 obliges,
431 1902 583 1980 obligaris,
605 1906 800 1982 incertumque
816 1904 906 1965 facias
919 1913 1007 1965 utrum
1016 1903 1106 1979 magis

51 1986 90 2050 61
105 1985 237 2066 expediat
253 1987 364 2047 civibus
377 1989 432 2047 tuis
444 1986 550 2046 debere
566 1989 616 2048 tibi
629 2006 662 2046 an
674 1989 862 2066 praestitisse.
880 1986 1023 2067 Equidem
1032 1985 1135 2045 illurntt

102 2074 245 2150 antiquum
262 2081 388 2130 senatum
405 2074 532 2132 contueri
546 2072 678 2148 videbar,
695 2090 758 2130 cum
770 2082 814 2131 ter
830 2071 952 2131 consule
963 2069 1103 2132 adsidente

102 2159 185 2216 tertio
199 2155 344 2214 consulem
356 2155 532 2232 designatum
542 2157 636 2232 rogari
648 2157 814 2215 sententiam
827 2173 988 2216 cernerem.
1013 2154 1104 2229 Quanti

103 2251 170 2301 tunc
187 2240 243 2316 illi,
261 2250 438 2317 quantusque
454 2239 497 2298 tu!
516 2239 629 2299 Accidit
645 2239 757 2317 quidem
771 2248 801 2298 ut
817 2257 941 2317 corpora
957 2238 1107 2319 quamlibet

103 2325 186 2385 ardua
203 2334 231 2383 et
247 2321 364 2382 excelsa
384 2324 597 2400 procerioribus
612 2323 721 2382 admota
736 2322 922 2392 decrescaut;
945 2324 1018 2382 item
1032 2332 1062 2382 ut
1075 2320 1108 2381 al·
1137 2332 1149 2389 ξς

102 2412 228 2469 tissimae
246 2408 348 2467 civium
364 2406 514 2484 dignitates
530 2406 680 2467 collatione
693 2406 796 2483 lastigii
807 2408 847 2466 tui
860 2408 941 2485 quasi
951 2398 1142 2485 deprimor-b·

102 2502 162 2565 tur,
196 2498 357 2568 quantoque
379 2493 497 2568 propius
525 2490 559 2547 ad
580 2489 799 2565 magnitudinem
820 2499 896 2550 tuam
917 2489 1108 2563 ascenderint,
1136 2498 1141 2545 ζ

102 2583 208 2633 tantum
221 2574 304 2631 etiam
316 2589 330 2628 a
342 2589 391 2629 sua
404 2570 589 2631 descendisse
605 2571 759 2634 videantur.
776 2572 846 2634 lllos
858 2584 952 2634 tamen
962 2583 1008 2650 tu,
1021 2592 1110 2653 quam·
1137 2568 1143 2595 ¹

104 2673 186 2733 quam
200 2672 256 2713 non
271 2655 386 2730 potuisti
401 2653 451 2712 tibi
467 2672 607 2733 aequare,
626 2675 688 2716 cum
704 2658 812 2733 velles,
828 2656 901 2718 adeo
914 2659 942 2716 in
954 2658 1037 2729 edito
1049 2674 1109 2718 con·

103 2739 205 2798 locasti
226 2746 255 2796 ut
276 2745 381 2794 tantum
403 2755 490 2817 super
505 2749 619 2800 ceteros
638 2750 769 2820 quantum
784 2741 854 2800 infra
870 2750 899 2800 te
915 2752 1107 2804 cernerentur.

104 2823 235 2881 Sinnius
258 2821 371 2879 tertium
393 2823 569 2883 consulatum
591 2825 711 2885 eundem
733 2828 760 2884 in
775 2827 918 2890 annumin
935 2843 1024 2903 quern
1039 2820 1133 2887 tunna

104 2904 292 2982 contulisses,
314 2906 437 2982 ingentis
452 2909 533 2967 animi
549 2911 697 2987 specimen
715 2909 875 2969 baberetur.
903 2908 943 2968 Ut
959 2912 1036 2969 enim
1053 2909 1108 2969 leli·

104 2993 195 3051 citatis
211 3000 255 3051 est
272 2999 401 3068 quantum
413 2990 486 3053 velis
499 3010 604 3071 posse,
622 2996 663 3053 sic
677 2992 874 3070 magnitudinis
887 2991 967 3052 velle
980 3004 1109 3072 quantun

105 3077 210 3154 possis.
236 3075 400 3136 Laudandus
422 3077 535 3155 quidem
556 3086 585 3135 et
605 3076 654 3136 ille
671 3079 717 3155 qui
734 3079 844 3135 tertium
860 3075 1043 3137 consulatum
1058 3096 1109 3137 me·

105 3162 175 3238 ruit,
199 3160 250 3221 sed
271 3161 360 3237 magis
383 3161 435 3220 sub
452 3172 507 3239 quo
524 3163 638 3220 meruit:
661 3178 777 3238 magnus
792 3159 1053 3241 memorandusque
1069 3162 1111 3240 qui

104 3255 209 3306 tantum
225 3246 379 3323 praemium
395 3246 487 3322 cepit,
515 3244 567 3303 sed
588 3246 675 3305 maior
697 3248 744 3323 qui
766 3246 887 3323 capienti
904 3244 992 3305 dedit.
1029 3245 1111 3321 Quid,

105 3328 180 3403 quod
195 3326 266 3387 duos
281 3329 388 3407 pariter
401 3331 486 3387 tertio
503 3328 665 3404 consulatu,
682 3328 752 3389 duos
768 3327 897 3405 collegas
909 3331 950 3388 tui
962 3332 1111 3390 sanctitate

104 3408 266 3469 decorasti?
292 3421 321 3471 ut
341 3412 376 3471 sit
399 3414 501 3471 nemini
517 3411 629 3473 dubium
643 3413 714 3471 hanc
734 3413 784 3472 tibi
800 3414 983 3491 praecipuam
1000 3431 1112 3475 causant

106 3489 195 3550 luisse
211 3494 381 3553 extendendi
397 3495 560 3556 consulatus
576 3499 632 3573 tui,
649 3506 678 3555 ut
691 3495 806 3555 duorum
823 3495 989 3557 consulatus
1006 3498 1112 3578 ample·
