2588 4116
218 252 261 311 oo
646 248 680 308 C.
700 247 797 307 1³1.le

221 403 384 461 comoedias
400 401 484 461 audio
498 412 527 461 et
542 412 647 481 specto
660 404 760 460 mimos
777 411 806 461 et
820 400 928 475 lyricos
943 399 1012 476 lego
1026 410 1056 459 et
1072 401 1222 464 Sotadicos

220 486 375 561 intellegm
389 484 539 562 aliquando
551 496 698 564 praeterea
713 485 809 559 rideo,
824 488 923 559 iocor,
938 483 1017 560 ludo,
1031 496 1119 562 utque
1131 490 1223 546 omnia

221 572 351 629 innoxiae
375 571 549 629 remissionis
570 586 677 645 genera
696 569 823 627 breuiter
845 568 1018 646 amplectar,
1044 569 1130 627 borno
1151 589 1223 629 sum.

196 652 285 717 artes
306 670 377 711 uero
397 653 519 713 moleste
540 652 603 712 lero
623 651 696 710 banc
713 671 782 712 esse
802 652 839 711 de
853 652 978 711 moribus
993 655 1064 712 meis
1079 655 1223 714 existima·

222 740 344 813 tionem,
366 746 395 794 ut
411 738 459 813 qni
478 738 609 796 nesciunt
623 734 689 794 talia
706 734 888 796 doctissimos
902 738 1088 812 gravissimos
1103 740 1247 797 sanetis-5

195 822 309 885 trimos
324 819 452 879 homines
469 822 647 897 scriptitasse
663 837 708 878 me
726 821 854 879 scribere
870 821 1013 877 mirentur.
1038 820 1084 879 Ab
1101 819 1159 880 illis
1175 840 1224 879 au·

223 904 396 979 temonibus
414 912 510 962 notum
529 912 574 963 est
589 920 662 981 quos
679 912 856 980 quantosque
870 911 1004 962 auctores
1021 921 1126 980 sequar
1138 904 1223 964 facile

222 988 365 1064 impetrari
377 1004 464 1064 posse
480 986 593 1046 conlido
606 996 637 1045 ut
651 1005 746 1046 errare
760 1006 816 1061 me,
831 986 883 1047 sed
898 1005 961 1045 curn
976 985 1033 1045 illis
1048 990 1138 1046 sinant
1153 1006 1223 1066 qun-

220 1088 281 1128 rum
302 1088 357 1129 non
377 1072 451 1129 seria
474 1070 558 1129 modo
578 1088 677 1129 verum
697 1073 781 1130 etiam
802 1070 881 1130 lusus
902 1072 1062 1148 exprimere
1083 1069 1223 1132 laudabile

194 1163 276 1215 best.
299 1154 343 1213 An
358 1171 415 1231 ego
429 1173 531 1213 verear
546 1155 702 1233 (neminem
715 1156 886 1229 virentium,
899 1173 935 1213 ne
951 1173 1035 1230 quarn
1050 1157 1078 1212 iu
1094 1159 1264 1232 specierulo

222 1236 389 1297 adulationis
404 1238 541 1316 incidam,
563 1238 728 1314 nominabo)
742 1238 795 1298 sed
811 1255 868 1315 ego
882 1256 985 1297 verear
997 1257 1033 1297 ne
1049 1257 1095 1297 me
1110 1256 1166 1298 non
1179 1259 1225 1299 sa·

222 1323 259 1382 tis
274 1320 377 1382 deceat
392 1322 467 1401 quod
488 1323 583 1382 decuit
600 1321 639 1384 ll,
655 1321 787 1399 Tullium,
802 1320 836 1381 G.
849 1321 977 1397 Calvum,
988 1323 1116 1381 Asinium
1131 1321 1225 1382 Polio·

222 1424 298 1480 nem,
314 1405 352 1465 lll.
368 1406 541 1481 Messallam,
558 1406 594 1478 Q.
611 1405 801 1481 Hortensium,
814 1405 853 1464 lll.
865 1406 990 1480 Brutum,
1004 1405 1034 1464 L.
1052 1405 1170 1481 Sullam,
1187 1406 1224 1478 Q.

223 1488 364 1564 Catulum,
383 1489 419 1561 Q.
434 1489 620 1563 Scaevolam,
639 1490 769 1549 Servium
785 1488 957 1567 Sulpicium,
971 1488 1138 1564 l'arronem,
1155 1489 1225 1549 Tor·

224 1582 354 1649 quatum,
381 1576 464 1630 immo
478 1570 653 1650 Torquatos,
673 1571 706 1631 G.
722 1573 898 1649 lllemminm,
918 1572 1083 1648 Lentulum,
1100 1573 1264 1633 Gaetuli-15

223 1674 298 1731 eum,
314 1656 459 1714 Annaeum
474 1655 625 1731 Senecam,
640 1654 792 1733 Lucanum,
809 1666 838 1715 et
854 1660 981 1735 proxime
996 1656 1160 1732 Verginium
1167 1657 1225 1717 Ru·

222 1738 291 1813 lum,
308 1747 337 1796 et
352 1741 376 1798 si
392 1756 448 1797 non
464 1739 607 1798 sufiiciunt
621 1738 753 1817 exempla
764 1742 883 1817 privata,
897 1740 993 1799 dirum
1004 1738 1115 1816 lulium,
1130 1741 1226 1800 dirum

195 1822 398 1898 congustum,
424 1822 517 1881 divum
544 1821 684 1899 Nervam,
711 1822 853 1881 Tiberium
876 1821 1049 1884 Gaesarem?
1079 1823 1226 1885 Neronem

221 1906 296 1965 enim
311 1914 443 1981 transeo,
467 1908 594 1983 quamvis
615 1908 702 1965 sciam
724 1923 780 1965 uon
802 1909 944 1984 corrumpi
966 1909 993 1965 iu
1009 1906 1135 1968 deterius
1151 1928 1225 1986 quae

221 1987 370 2065 aliqnando
392 1991 476 2049 etiarn
496 1988 627 2066 amalis,
647 1990 699 2049 sed
720 1990 840 2051 honesta
862 2008 975 2049 manere
990 2009 1062 2066 quae
1078 1995 1193 2068 saepius
1208 2002 1265 2053 auu

220 2071 303 2131 bonis
319 2074 394 2131 liunt.
431 2073 508 2132 lnter
522 2091 595 2153 quos
612 2072 659 2134 vel
674 2075 829 2152 praecipue
843 2074 1030 2134 numerandus
1047 2084 1091 2134 est
1106 2074 1135 2133 P.
1151 2075 1224 2133 Ver·

221 2156 318 2233 gilius,
335 2154 487 2218 Cornelius
502 2157 620 2237 Nepos,
636 2167 665 2217 et
679 2161 757 2236 prins
771 2158 865 2218 Attius
878 2157 1052 2235 Enniusque.
1082 2157 1148 2217 Non
1163 2161 1224 2236 qui-

221 2241 285 2300 dem
301 2240 329 2300 bi
349 2252 515 2319 senatores,
544 2243 596 2302 sed
617 2245 750 2304 sanctitas
771 2259 879 2300 morum
897 2259 954 2299 non
968 2241 1052 2299 distat
1068 2242 1223 2301 ordinibus.

195 2323 324 2389 tltecito
341 2336 450 2402 tamen,
467 2326 543 2404 quod
559 2325 600 2384 illi
613 2344 648 2385 an
662 2326 784 2383 iecerint
798 2325 907 2381 neseio.
932 2321 1039 2379 Etiam:
1058 2323 1110 2380 sed
1125 2323 1166 2381 illi
1181 2328 1224 2382 iu-

222 2408 297 2468 dicio
320 2426 373 2469 suo
394 2418 527 2484 poterant
547 2426 614 2467 esse
637 2407 778 2478 contenti,
800 2402 866 2460 mibi
887 2402 1042 2460 modestior
1063 2411 1267 2472 constantiano

196 2500 268 2554 8est
288 2508 370 2567 quam
391 2500 421 2548 ut
442 2492 510 2548 satis
524 2488 683 2547 absolutum
698 2495 793 2561 putem
809 2485 885 2561 quod
901 2503 918 2543 a
933 2502 978 2542 me
990 2484 1137 2562 probetur.
1166 2486 1223 2547 lta-

220 2590 276 2647 que
291 2572 341 2630 bas
358 2571 492 2629 recitandi
509 2587 608 2629 causas
623 2585 746 2645 sequor,
762 2569 897 2645 primum,
913 2567 989 2646 quod
1004 2570 1067 2646 ipse
1083 2572 1131 2646 qui
1147 2575 1223 2631 reci-

220 2663 258 2712 tat
275 2653 417 2729 aliquanto
431 2655 524 2711 acrius
536 2654 651 2728 scriptis
666 2653 724 2711 suis
739 2651 896 2711 auditorum
916 2655 1077 2712 reverentia
1091 2654 1220 2732 intendit,

219 2736 338 2808 deinde,
362 2735 436 2810 qnod
453 2735 488 2794 de
505 2736 606 2813 quibus
621 2735 728 2794 dubitat
743 2738 822 2813 quasi
837 2754 875 2795 ex
890 2735 1000 2796 consilii
1014 2741 1153 2797 sententia
1165 2748 1222 2798 sta·

194 2820 279 2881 otrrit.
314 2816 400 2877 lllulta
418 2821 500 2877 etiam
522 2838 538 2878 a
554 2818 648 2879 multis
665 2818 848 2897 admonetur,
870 2830 900 2880 et
916 2823 1010 2881 sinon
1025 2820 1265 2901 admoneatur,30

219 2902 284 2979 quid
302 2904 422 2980 quisque
438 2905 541 2963 sentiet
556 2906 694 2982 perspicit
709 2922 745 2963 ex
761 2903 841 2963 vultu
862 2902 953 2964 oculis
968 2913 1035 2964 nutu
1050 2923 1131 2964 manu
1145 2923 1219 2964 mur·

219 3004 297 3047 mure
313 2986 441 3053 silentio;
464 3005 536 3064 quae
559 2989 628 3048 satis
641 2989 747 3065 apertis
761 2991 836 3049 notis
851 2988 983 3047 iudicium
997 2988 1032 3047 ab
1052 2989 1220 3050 humanitate

177 3081 210 3133 10
219 3070 393 3131 discernunt.
422 3071 516 3148 Atpue
538 3071 627 3147 adeo,
655 3073 680 3132 si
703 3073 747 3131 cui
768 3072 842 3132 sorte
857 3090 954 3132 eorum
970 3073 1017 3149 qni
1033 3072 1221 3134 interfuerunt

218 3174 303 3216 cuiae
320 3155 403 3215 luerit
418 3155 516 3215 eadem
528 3154 576 3215 illa
588 3155 699 3234 legere,
715 3155 864 3234 intelleget
875 3175 920 3216 me
932 3156 1069 3233 quaedam
1084 3167 1131 3217 aut
1143 3175 1219 3217 oom-

219 3251 342 3301 mutasse
354 3250 401 3300 aut
414 3242 603 3318 praeterisse,
616 3240 739 3301 fortasse
751 3243 835 3300 etiam
846 3259 883 3300 ex
894 3258 947 3300 suo
959 3239 1080 3316 iudicio,
1094 3242 1219 3317 quamvis
1227 3249 1263 3305 35

176 3332 206 3383 11
220 3324 282 3397 lpse
295 3324 361 3383 nibil
373 3325 473 3384 dixerit
484 3325 560 3383 mibi.
576 3324 669 3403 Atque
680 3323 753 3383 baec
764 3326 802 3384 ita
814 3323 940 3401 disputo,
954 3325 1033 3400 quasi
1046 3324 1181 3402 populum
1192 3327 1220 3383 in

217 3407 400 3483 auditorium,
420 3425 474 3466 non
493 3410 519 3466 in
538 3407 700 3468 cubiculum
718 3410 824 3467 amiens
842 3408 1018 3483 advocarim,
1038 3425 1110 3485 quos
1122 3408 1219 3486 plures

218 3485 324 3547 habere
340 3490 434 3550 multis
448 3490 622 3570 gloriosum,
636 3490 852 3569 reprehensioni
867 3493 970 3550 nemini
984 3490 1045 3550 luit.
1074 3490 1156 3551 Vale.
