2588 4116
314 162 580 227 EPISTULARUM
592 161 658 224 llll.
679 174 724 228 24.
738 175 781 229 25.
794 176 838 231 26.
857 173 902 230 ut.
1072 167 1113 233 85

100 317 243 377 nemiuem
264 327 398 396 veretur,
422 339 455 379 se
479 319 642 379 contemnit.
673 317 743 379 Inde
759 321 812 379 ista
827 317 948 380 ludibria
963 339 1068 382 scaena
1084 333 1113 384 et

101 400 213 481 pulpito
230 400 322 478 digna.
358 401 423 474 Quo
439 413 467 463 te
482 399 601 464 vertas?
624 420 698 500 quae
713 403 839 463 remedia
854 403 1026 483 conquiras?
1051 407 1137 468 ubi-5

101 503 158 564 que
170 487 237 545 vitia
252 485 386 546 remediis
402 485 542 547 fortiora·
554 477 652 546 'Attin
667 486 773 546 ταῦτα
789 485 836 570 τῷ
852 478 939 564 ὑπὲρ
957 480 1042 567 ἡμᾶς
1060 510 1113 568 με·

100 563 213 648 λήσει,
238 571 283 629 cui
304 569 421 630 multum
443 571 548 632 cotidie
569 569 746 648 vigiliarum,
771 571 889 631 multum
909 570 1013 635 laboris
1027 574 1113 635 adicit

74 653 174 716 chace
189 662 286 714 nostra
299 655 375 716 iners
387 664 417 715 et
433 665 526 716 tamen
541 654 678 716 effrenata
693 654 857 734 petulantia.
889 655 970 716 Vale.

550 786 655 850 XXVI.

387 889 416 940 c.
436 889 562 941 rnrurus
582 888 695 938 uuuom
713 887 774 940 suo
793 887 820 940 s,

161 989 238 1053 Petis
251 1001 281 1052 ut
296 991 413 1052 libellos
433 1009 531 1070 meos,
558 1009 631 1071 quos
646 992 855 1052 studiosissime
871 994 1049 1071 conparasti,
1065 997 1136 1054 rel

56 1075 321 1153 recognoscendos
337 1074 587 1154 emendandosque
600 1095 707 1136 curem.
733 1075 855 1136 Faciam.
880 1073 954 1149 Quid
973 1079 1046 1136 enim
1063 1097 1111 1138 su·

98 1161 214 1239 soipere
233 1158 367 1220 libentius
389 1160 500 1237 debeo,
524 1169 553 1221 te
574 1161 742 1240 praesertim
764 1157 922 1237 exigente?
951 1158 1023 1220 Nam
1046 1163 1136 1222 cumb

96 1244 142 1303 vir
157 1245 361 1321 gravissimus,
377 1243 576 1322 doctissimus,
595 1243 816 1320 disertissimus,
834 1243 1007 1320 superhaec
1024 1263 1111 1308 oceu-

97 1330 273 1407 patissimus,
288 1330 425 1389 maximae
437 1330 601 1409 provinciae
616 1327 808 1407 praefuturus,
827 1327 895 1387 tanti
908 1336 992 1403 putes
1004 1331 1111 1408 scripta

97 1423 196 1474 nostra
218 1413 405 1473 circumferre
429 1423 542 1490 tecum,
568 1422 673 1492 quanto
702 1428 791 1489 opere
815 1411 883 1470 mibi
905 1411 1111 1490 providendum

54 1501 90 1556 15
98 1507 144 1558 est
158 1516 194 1558 ne
210 1505 239 1558 ta
257 1498 330 1558 haec
344 1515 411 1577 pars
426 1500 599 1558 sarcinarum
614 1506 754 1576 tamquam
769 1513 948 1576 supervacua
965 1493 1111 1557 offendat?

98 1581 216 1643 Adnitar
237 1600 326 1659 ergo,
342 1584 462 1662 primum
478 1591 508 1642 ut
532 1583 652 1643 comites
672 1583 745 1642 istos
763 1599 846 1661 quam
866 1580 1138 1643 commodissimos3

98 1667 223 1745 habeas,
246 1665 348 1727 deiude
368 1676 399 1727 ut
418 1685 554 1728 reversus
574 1667 702 1727 invenias
724 1683 797 1745 quos
819 1666 882 1727 istis
905 1665 1011 1728 addere
1025 1665 1108 1726 volis.

97 1748 200 1828 Neque
222 1752 298 1811 euim
318 1750 503 1813 mediocriter
522 1770 568 1812 ma
586 1751 622 1812 ad
635 1767 709 1812 nova
720 1769 810 1831 opera
823 1760 854 1811 tu
869 1750 964 1811 lector
977 1751 1109 1814 hortaris.

97 1833 178 1895 Vale.

52 1927 89 1980 ²⁰
542 1965 660 2028 xxvu.

303 2064 330 2120 (l.
350 2064 475 2117 PLINIUS
492 2066 631 2116 POMPEIO
648 2065 787 2116 PALGONI
805 2065 866 2116 SUO
885 2065 910 2115 S.

163 2166 276 2229 Tertius
295 2167 356 2228 dies
380 2167 518 2248 estquod
539 2167 633 2228 audivi
654 2168 821 2227 recitantem
842 2165 969 2227 Sentium
988 2168 1133 2247 bugum-1

97 2271 165 2313 num
181 2270 245 2314 cum
260 2270 365 2313 summa
380 2271 443 2312 mea
455 2251 615 2331 voluptate,
631 2254 715 2311 immo
728 2251 814 2309 etiam
824 2248 1015 2312 admiratione.
1037 2250 1111 2310 Ροδ-

53 2342 88 2394 25
97 2340 182 2398 matia
197 2336 334 2416 appellat.
355 2336 443 2397 blulta
456 2338 594 2413 tenuiter,
620 2335 707 2395 multa
723 2333 899 2412 sublimiter,
921 2334 1008 2395 multa
1022 2354 1111 2394 venu-

98 2432 155 2500 ste,
172 2421 258 2482 multa
273 2431 385 2500 tenere,
401 2421 489 2481 multa
506 2419 638 2497 dulciter,
653 2418 739 2479 multa
757 2437 820 2479 cum
838 2419 907 2479 bile.
929 2416 1047 2498 Aliquot
1062 2434 1135 2485 ana

97 2508 142 2566 nis
163 2515 232 2585 puto
253 2505 322 2564 nihil
344 2508 461 2584 generis
482 2504 610 2565 eiusdem
624 2503 783 2565 absolutius
799 2505 947 2584 scriptum,
963 2506 1017 2565 nisi
1035 2504 1110 2565 lorte

98 2609 145 2650 me
166 2590 238 2651 tattit
258 2600 305 2650 aut
325 2607 405 2650 amor
426 2591 489 2650 eius
514 2598 561 2649 aut
582 2587 660 2667 quod
682 2591 775 2667 ipsum
797 2607 843 2649 me
869 2587 998 2650 laudibus
1021 2591 1110 2650 vexit.

98 2671 169 2733 Nam
188 2674 290 2734 lemma
312 2673 366 2734 sibi
389 2675 510 2752 sumpsit
540 2673 617 2752 quod
644 2690 700 2750 ego
722 2673 861 2733 interdum
880 2675 1012 2736 versibus
1034 2672 1137 2736 ludo.3

54 2757 194 2838 30Atque
206 2759 280 2818 adeo
295 2757 390 2817 iudicii
407 2758 463 2817 mei
478 2767 507 2817 te
522 2755 646 2816 iudicem
659 2756 780 2834 luciam,
799 2760 822 2818 si
837 2757 904 2817 mihi
919 2777 957 2818 ex
972 2758 1028 2819 boc
1043 2760 1108 2837 ipso

99 2840 232 2902 lemmate
252 2841 397 2904 secundus
418 2859 521 2902 versus
544 2843 718 2901 occurrerit:
736 2859 800 2902 nam
822 2851 937 2904 ceteros
959 2853 1057 2920 teneo,
1081 2851 1110 2902 et

98 2927 153 2985 iam
167 2926 303 3006 explicui.

307 3008 397 3070 danto
412 3011 534 3070 earmina
547 3010 680 3071 versibus
695 3011 820 3087 minutis,
1115 3019 1134 3071 4

302 3094 346 3154 his
363 3093 429 3153 olim
445 3096 547 3173 quibus
563 3104 592 3155 et
606 3112 687 3154 meus
701 3092 832 3155 Catullus

55 3187 89 3243 15
308 3187 336 3238 et
348 3174 454 3238 Calvus
465 3187 648 3256 veteresque.
667 3177 719 3238 sed
731 3177 798 3255 quid
810 3177 844 3236 ad
856 3171 922 3235 mei

307 3280 378 3321 nnus
393 3260 501 3323 Plinius
515 3272 560 3322 est
575 3262 641 3321 mihi
658 3263 783 3340 priores.

308 3345 414 3406 mavult
428 3344 589 3406 versiculos
604 3345 668 3404 loro
683 3343 786 3403 relicto

306 3439 336 3490 et
351 3431 462 3509 quaerit
477 3428 554 3508 quod
569 3439 644 3489 amet
658 3436 795 3507 putatque
810 3426 906 3505 amari,
