2588 4116
201 219 243 279 42
629 213 661 273 C.
684 213 779 272 l'llb'l

176 379 428 450 tpermoveretur.
461 368 667 428 Potesttamen
684 367 743 424 lieri
758 376 788 425 ut
805 381 969 443 quamquam
984 362 1011 421 in
1027 363 1071 421 his
1085 361 1206 421 difficul-

204 455 308 513 tatibus
327 452 401 512 libro
423 454 468 511 isti
489 454 600 511 novitas
624 450 819 524 lenocinetur,
848 449 958 506 novitas
978 446 1053 523 apud
1074 455 1204 515 nostros3

203 536 278 616 apud
291 535 418 595 Graecos
437 537 510 594 enim
527 544 572 595 est
584 533 713 611 quiddam
724 534 849 610 quamvis
865 549 902 589 ex
916 529 1029 589 diverso
1044 538 1206 589 nontamen

177 623 317 685 somnino
333 618 478 678 dissimile.
499 617 570 676 Nam
583 626 613 675 ut
625 616 680 675 illis
692 626 752 674 erat
765 618 851 674 moris
867 614 949 691 leges
965 631 1034 691 quas
1049 623 1080 672 ut
1095 621 1206 672 contra·

204 707 260 764 rias
272 704 412 781 prioribus
425 702 539 778 legibus
551 701 706 778 arguebant
722 699 836 758 aliarum
853 697 1006 757 collatione
1021 699 1232 773 convincere,5

205 792 242 847 ita
259 788 341 846 nobis
354 789 449 844 inesse
460 785 678 862 repetundarum
692 782 750 860 legi
763 782 839 861 quod
853 780 1060 858 postularemus
1077 799 1141 839 cum
1151 781 1206 840 bac

204 875 266 949 ipsa
282 870 349 947 lege
364 879 421 927 tum
436 867 498 927 aliis
510 867 701 946 colligendum
712 868 777 935 luit;
795 865 870 944 quod
884 883 1061 942 nequaquam
1076 863 1206 924 blandum

205 954 318 1012 auribus
333 954 517 1029 inperitorum
531 961 607 1010 tanto
622 953 756 1011 maiorem
768 950 840 1028 apud
854 948 954 1007 doctos
969 948 1074 1008 habere
1089 950 1206 1025 gratiam

177 1038 307 1114 9debet,
335 1044 439 1114 quanto
460 1039 595 1094 minorem
615 1034 689 1112 apud
707 1033 835 1093 indoctos
852 1033 948 1091 babet.
980 1030 1041 1089 Nos
1055 1039 1165 1109 autem,
1181 1034 1206 1090 si

204 1120 344 1199 placuerit
364 1120 503 1196 recitare,
525 1117 673 1177 adhibituri
695 1136 791 1177 sumus
815 1115 1031 1175 eruditissimum
1053 1133 1204 1193 quemque.
1215 1138 1250 1191 10

205 1203 263 1262 Sed
278 1203 362 1283 plane
377 1202 469 1263 adbuc
484 1221 518 1262 an
534 1205 569 1261 sit
589 1202 763 1260 recitandum
779 1202 904 1260 examina
921 1208 1033 1274 tecum,
1056 1201 1205 1276 omnisque

205 1305 278 1366 quos
290 1304 345 1365 ogo
361 1289 436 1345 movi
455 1289 483 1346 in
499 1295 619 1363 utraque
634 1295 714 1364 parte
731 1283 857 1345 calculos
872 1301 965 1362 pone,
983 1280 1068 1360 idque
1087 1281 1164 1359 elige
1178 1284 1206 1341 in

206 1388 262 1451 quo
277 1372 377 1430 vicerit
392 1373 474 1429 ratio.
494 1371 560 1429 Ate
572 1372 644 1429 enim
660 1372 731 1429 ratio
744 1371 876 1446 exigitur,
892 1383 946 1426 nos
961 1366 1107 1426 excusabit
1121 1367 1205 1425 obse·

205 1457 309 1533 quium.
340 1454 420 1512 Vale.

673 1584 727 1642 XX
1215 1548 1248 1600 15

472 1683 499 1735 C.
521 1684 646 1733 l‘l.lb'lUS
666 1682 814 1734 anttStO
834 1683 894 1734 SUO
913 1682 938 1737 S.

181 1800 191 1849 t
265 1786 369 1845 Assem
382 1803 449 1864 para
464 1794 493 1844 et
506 1787 607 1864 accipe
622 1803 735 1845 auream
747 1785 880 1864 fabulam,
898 1785 1007 1846 labulas
1021 1785 1120 1843 immo:
1143 1801 1206 1842 nam

205 1887 250 1927 me
267 1870 390 1947 priorum
408 1887 480 1928 nova
496 1868 654 1946 admonuit,
674 1889 729 1929 nec
744 1869 833 1930 refert
847 1888 863 1929 a
878 1888 932 1948 qua
948 1870 1123 1949 potissimum
1137 1868 1206 1952 inqi-

179 1953 287 2030 upiam.
304 1950 425 2012 Verania
436 1952 546 2013 Pisonis
557 1956 682 2031 graviter
693 1955 814 2032 iacebat,
828 1954 909 2014 buius
922 1954 987 2013 dico
999 1945 1108 2013 Pisonis
1122 1970 1206 2030 quem
1214 1970 1250 2023 20

207 2034 295 2094 Galba
310 2036 460 2115 adoptavit.
485 2036 529 2097 nd
544 2037 616 2097 hanc
630 2037 759 2116 Regulus
774 2040 860 2098 venit.
887 2036 1006 2098 Primum
1017 2036 1206 2116 inpudentiam

205 2119 326 2179 bominis
343 2121 389 2198 qui
402 2123 513 2180 venerit
526 2121 560 2180 ad
573 2140 697 2200 aegram,
713 2124 792 2182 cuius
806 2124 904 2181 marito
916 2123 1135 2196 inimicissimus,
1151 2119 1206 2198 ipsi

178 2204 391 2268 ainvisissimus
407 2205 507 2265 luerat.
529 2204 612 2284 Esto,
630 2208 654 2267 si
669 2208 746 2266 venit
761 2215 880 2266 tantum:
896 2205 930 2264 ad
946 2204 994 2264 ille
1011 2207 1094 2264 etiam
1111 2202 1206 2282 proxi·

205 2306 266 2349 mus
280 2298 345 2348 toro
360 2290 446 2367 sedit,
463 2308 519 2368 quo
536 2290 592 2368 die,
611 2308 664 2367 qua
680 2289 748 2348 bora
763 2299 826 2347 nata
841 2297 920 2346 esset
935 2289 1129 2362 interrogavit.
1150 2286 1206 2345 Ubi

206 2372 308 2450 audiit,
327 2377 470 2451 componit
485 2372 607 2448 vultum,
629 2371 746 2429 intendit
762 2367 879 2443 oculos,
896 2376 992 2425 movet
1007 2367 1100 2439 labra,
1117 2371 1206 2444 agitat
1215 2380 1248 2433 25

206 2454 322 2531 digitos,
338 2466 494 2532 computat;
508 2453 591 2511 nibil:
607 2462 637 2511 ut
645 2451 690 2508 diu
698 2450 1205 2530 miseramexpectationesuspendit,

179 2536 319 2598 ls‘babes’
342 2536 437 2612 inquid
460 2535 693 2593 ‘climactericum
711 2542 840 2609 tempus,
863 2531 914 2591 sed
930 2532 1044 2593 evades.
1077 2532 1161 2606 Quod
1176 2545 1206 2595 ut

205 2618 254 2676 tibi
270 2618 359 2691 magis
374 2618 491 2693 liqueat,
506 2615 687 2693 haruspicem
703 2613 849 2674 consulam
864 2633 947 2692 quern
963 2635 1024 2676 sum
1039 2617 1207 2696 frequenter

178 2703 364 2777 serpentus’.
387 2697 449 2757 Nec
461 2716 552 2768 mora;
570 2698 738 2757 sacrificium
749 2698 827 2776 lacit,
844 2699 969 2760 adfirmat
979 2711 1044 2761 exta
1056 2719 1118 2761 cum
1131 2703 1204 2762 side-

204 2800 263 2839 rum
276 2781 482 2857 significatione
496 2799 665 2858 congruere.
685 2780 748 2860 llla,
756 2784 820 2842 utin
828 2784 958 2863 periculo
972 2785 1098 2863 credula,
1109 2786 1204 2863 poscit
1213 2799 1247 2853 30

205 2862 371 2941 codicillos,
393 2862 518 2941 legatum
534 2864 648 2943 Regulo
668 2866 782 2926 scribit:
808 2884 874 2927 mox
894 2870 1080 2946 ingravescit:
1105 2869 1205 2929 clamat

203 2948 328 3007 morlens
342 2946 484 3007 hominem
499 2968 636 3027 nequam,
659 2950 796 3029 perfidum
811 2970 845 3012 ac
860 2950 925 3031 plus
942 2954 1024 3012 etiam
1042 2971 1124 3031 quam
1139 2971 1204 3031 per-

178 3030 312 3108 tiiurum,
335 3032 383 3109 qui
404 3031 457 3090 sibi
479 3051 533 3112 per
549 3032 669 3094 salutem
685 3034 733 3093 filii
749 3036 918 3113 peierasset.
941 3034 1021 3095 Facit
1036 3036 1092 3096 hoc
1107 3036 1205 3112 Regu·

202 3113 247 3174 lus
263 3130 318 3175 non
333 3116 423 3175 minus
440 3115 582 3177 scelerate
596 3136 677 3197 quam
693 3118 875 3197 frequenter,
899 3119 975 3197 quod
990 3121 1059 3179 iram
1074 3119 1201 3196 deorum,

203 3214 275 3277 quos
299 3200 363 3278 ipse
385 3198 488 3260 cotidie
516 3200 604 3280 fallit,
633 3204 660 3260 in
684 3212 768 3281 caput
789 3201 912 3263 infelicis
933 3204 1013 3282 pueri
1036 3203 1200 3263 detestatur.
1211 3215 1246 3268 35

176 3282 331 3344 7Velleius
347 3282 483 3362 Blaesus,
507 3283 557 3345 ille
577 3284 710 3364 locuples
732 3285 905 3363 consularis,
928 3287 1082 3346 novissima
1102 3283 1202 3343 valitu-

203 3364 266 3425 dine
290 3368 518 3429 conflictabatur:
548 3370 680 3448 cupiebat
701 3378 807 3429 mutare
823 3378 1028 3430 testamentum.
1060 3366 1201 3446 Regulus,

202 3450 249 3527 qui
268 3460 397 3527 speraret
412 3451 517 3529 aliquid
539 3471 575 3511 ex
592 3454 672 3511 novis
687 3451 807 3527 tabulis,
825 3454 889 3530 quia
903 3470 994 3530 nuper
1010 3461 1123 3531 captare
1138 3470 1203 3511 eum
