2588 4116
396 227 661 288 PANEGYRlCllS
675 236 719 290 34.
732 237 776 290 35.
791 237 834 292 36.
1050 228 1112 291 259

102 383 253 458 iratosque
271 379 374 440 lluctus
391 383 490 459 sequi,
518 397 715 460 quoscumque
735 383 763 439 in
779 380 917 459 scopulos
932 380 1110 444 detulissent.

103 464 220 523 Iuvabat
236 474 423 543 prospectare
438 466 531 524 statim
546 475 658 542 aportu
671 483 771 543 sparsa
784 465 897 541 navigia
909 474 938 524 et
953 464 1027 542 apud
1043 466 1113 526 illud

102 551 196 627 ipsum
212 565 289 607 mare
304 566 390 626 agere
406 550 528 627 principi
542 551 663 626 gratias,
681 551 730 627 qui
743 548 894 608 clementia
912 566 962 607 sna
977 548 1055 609 salva
1070 550 1113 610 ul·

102 633 211 693 tionem
226 631 368 691 hominum
385 642 583 710 terrarumque
597 632 649 691 diis
664 634 749 693 maris
761 632 1000 693 commendasset.
1019 632 1112 706 Quan-

74 718 159 775 5tnm
172 715 321 777 diversitas
334 726 494 794 temporum
505 725 606 795 posset
619 725 677 776 tum
687 718 806 776 maxime
819 718 964 794 cognitum
976 727 1032 792 est,
1050 734 1113 775 cnm

101 799 193 858 isdem
215 800 318 878 quibus
334 808 416 860 antea
433 800 560 860 cautibus
575 801 823 862 innocentissimus
839 801 961 879 quisque
976 819 1052 860 nunc
1064 819 1113 861 no·

102 884 283 944 cantissimos
297 882 479 961 affigeretur,
496 902 616 962 cumque
632 884 738 945 insulas
752 897 867 960 omnes,
885 903 954 963 quas
967 884 1051 944 modo
1064 905 1110 945 sc·

100 976 248 1044 natorum,
270 968 324 1027 iam
340 966 497 1028 delatorum
511 968 593 1027 turha
608 969 772 1047 conpleret;
794 986 867 1046 quos
884 967 998 1046 quidem
1012 986 1068 1028 non
1083 970 1113 1028 in

101 1068 240 1128 praesens
256 1059 360 1109 tantum
375 1051 429 1111 sed
446 1054 474 1110 in
491 1060 636 1111 aeternum
650 1053 831 1132 repressisti,
854 1053 882 1111 in
896 1051 943 1110 illa
958 1069 1113 1131 poenarum

56 1135 232 1210 loindagine
254 1133 390 1193 inclusos.
432 1133 571 1214 Ereptum
597 1135 704 1197 alienas
725 1138 862 1215 pecunias
884 1145 965 1205 eunt;
994 1135 1114 1214 perdant

101 1236 171 1296 quas
186 1216 305 1277 habent:
333 1215 482 1296 expellere
498 1220 648 1296 penatibus
663 1221 803 1296 gestiunt;
830 1221 890 1278 suis
909 1220 1111 1280 exturbantur:

100 1318 216 1379 neque,
239 1309 268 1358 ut
284 1310 384 1379 antea,
407 1319 583 1379 exsanguem
599 1302 675 1361 illam
689 1313 718 1364 et
738 1303 860 1360 ferream
875 1301 998 1361 frontem
1014 1307 1112 1381 nequi-

101 1402 185 1463 quam
201 1383 457 1444 convulnerandam
472 1386 628 1464 praebeant
644 1387 756 1463 punctis
773 1393 802 1444 et
816 1394 897 1445 notas
913 1403 979 1445 suas
990 1386 1111 1463 rideant,

100 1467 153 1529 sed
170 1476 327 1546 expectent
342 1471 420 1548 paria
436 1471 563 1549 praemio
580 1469 693 1546 damna,
721 1487 776 1528 neo
797 1471 920 1529 maiores
944 1487 1013 1548 spes
1029 1488 1112 1547 quarn

57 1563 91 1614 15
100 1562 192 1611 metus
208 1551 347 1628 habeant,
365 1555 538 1631 timeantque
556 1562 690 1632 quantum
705 1553 884 1613 timebantur.
921 1551 1033 1630 Ingenti
1050 1555 1111 1632 qui·

102 1636 166 1695 dem
182 1639 273 1695 animo
290 1635 466 1716 divuslitus
482 1638 630 1698 securitati
646 1646 760 1699 nostrae
775 1636 932 1716 altiorique
949 1653 1111 1714 prospexe-

100 1729 160 1796 rat,
185 1719 308 1798 ideoque
323 1723 481 1782 numinibus
498 1730 635 1800 aequatus
650 1731 711 1782 est:
739 1722 792 1782 scd
810 1730 912 1800 quanto
934 1730 964 1780 tu
986 1721 1111 1799 quando-

101 1822 155 1881 que
172 1803 285 1880 dignior
299 1804 397 1880 caclo,
415 1808 464 1884 qui
478 1814 520 1866 tot
534 1823 582 1866 res
598 1805 654 1866 illis
669 1806 801 1867 adiecisti
813 1816 933 1885 propter
945 1823 1016 1882 quas
1031 1805 1111 1864 illum

101 1887 185 1946 deum
196 1886 332 1947 lecimus!
355 1887 388 1948 ld
401 1888 457 1948 hoc
468 1890 558 1966 magis
571 1889 687 1949 arduum
698 1889 767 1967 luit,
783 1890 860 1968 qnod
872 1888 1109 1968 imperator-Ner·

56 1985 151 2045 aava,
168 1980 196 2029 te
214 1970 289 2045 lilio,
304 1979 334 2028 te
349 1989 523 2031 successore
540 1972 738 2048 dignissimus,
757 1990 894 2050 perquam
908 1990 1008 2049 magna
1023 1991 1109 2051 quac·

100 2054 164 2112 dam
184 2052 278 2112 edicto
294 2051 348 2112 Titi
367 2052 563 2128 adstruxerat,
586 2054 712 2132 nihilque
728 2054 880 2133 reliquisse
894 2057 948 2114 nisi
964 2055 1014 2114 tibi
1030 2056 1109 2115 vide·

100 2138 199 2214 hatur,
222 2136 269 2213 qni
286 2145 341 2194 tam
356 2136 442 2196 multa
458 2139 645 2214 excogitasti,
668 2146 697 2197 ut
712 2140 737 2198 si
751 2148 815 2198 ante
831 2147 860 2197 te
881 2135 950 2197 nihil
967 2147 1048 2197 esset
1067 2141 1108 2198 in·

100 2228 225 2279 ventum.
246 2218 327 2292 Quae
342 2220 454 2297 singula
469 2230 602 2298 quantum
617 2222 668 2280 tibi
683 2223 791 2298 gratiae
808 2221 972 2299 dispensata
988 2220 1108 2280 adiecis-

100 2302 178 2363 sent!
214 2302 254 2363 At
269 2313 298 2363 tu
313 2304 396 2363 simul
411 2307 502 2364 omnia
519 2303 687 2383 profudisti,
714 2313 744 2363 ut
765 2304 810 2365 sol
832 2313 862 2365 et
881 2304 943 2363 dies
957 2321 1013 2363 non
1028 2314 1110 2381 parte

56 2387 193 2465 neutiqua
207 2387 259 2447 scd
271 2389 366 2447 statim
379 2398 473 2466 totns,
492 2407 547 2448 nec
560 2391 606 2447 uni
620 2397 667 2448 aut
681 2388 763 2448 alteri
779 2388 832 2449 sed
846 2388 976 2448 omnibus
991 2388 1018 2447 in
1031 2405 1108 2447 conr·

98 2489 182 2530 mune
198 2470 350 2547 profertur.

163 2554 253 2625 Quam
273 2557 349 2615 iuvat
371 2576 491 2617 cernere
514 2559 653 2616 aerarium
673 2557 761 2616 silens
778 2564 808 2614 et
828 2558 955 2635 quietum
977 2565 1005 2616 et
1020 2555 1105 2634 quale
1119 2566 1159 2628 36

98 2647 164 2697 ante
181 2636 325 2698 dolatores
340 2639 414 2699 erat!
429 2638 512 2699 Nunc
523 2640 658 2719 templum
673 2639 758 2716 illud,
775 2659 850 2700 nunc
862 2658 931 2700 vere
943 2639 1032 2716 deus,
1048 2657 1106 2699 non

101 2721 265 2799 spoliarium
286 2723 389 2782 civium
411 2733 645 2803 cruentorumque
662 2723 829 2802 praedarum
843 2742 959 2785 saevum
974 2733 1132 2802 recepta*

55 2803 212 2881 seculum,
227 2822 261 2864 ao
276 2815 336 2865 toto
352 2807 381 2865 in
395 2807 466 2866 orbo
480 2815 617 2866 terrarum
632 2806 722 2868 adhuc
738 2808 821 2870 locus
833 2827 904 2869 unns
920 2810 948 2867 in
965 2826 1021 2886 quo
1033 2809 1106 2885 opti·

97 2907 144 2948 mo
160 2889 289 2966 principe
305 2889 371 2949 boni
388 2890 467 2950 malis
482 2892 597 2968 inpares
612 2901 719 2952 essent.
739 2889 834 2952 hlanet
851 2901 943 2952 tamen
958 2891 1050 2952 honor
1064 2890 1103 2949 le·

98 2991 182 3050 gum,
203 2972 331 3052 nihilque
346 2993 382 3033 ex
395 2974 509 3051 publica
525 2974 645 3034 utilitate
659 2975 843 3050 convulsum,
866 2993 922 3034 nec
939 2992 1031 3052 poena
1047 2976 1105 3032 cui·

99 3076 181 3135 quam
202 3059 338 3133 remissa,
362 3057 415 3118 sed
431 3057 523 3118 addita
538 3067 584 3118 est
600 3058 686 3136 ultio,
713 3059 862 3136 solumque
877 3067 1012 3118 mutatum
1027 3057 1105 3135 quod

98 3142 152 3201 iam
167 3159 223 3200 non
238 3140 381 3201 delatores
396 3142 449 3201 sed
463 3142 546 3219 leges
567 3143 707 3203 timentur.
744 3143 781 3202 At
794 3142 918 3202 fortasse
934 3159 991 3200 non
1005 3139 1106 3199 eadem

54 3226 250 3288 asseverante
270 3226 370 3286 liscum
392 3244 447 3304 qua
464 3227 602 3287 aerarium
624 3226 756 3286 cohibes:
782 3227 865 3284 immo
886 3233 963 3283 tanto
984 3224 1103 3298 maiore,

97 3309 278 3388 quantoplus
295 3310 344 3370 tibi
360 3310 450 3370 licere
466 3309 501 3370 de
512 3319 562 3370 tuo
577 3328 660 3388 quam
675 3309 711 3369 de
725 3309 845 3387 publico
862 3307 965 3369 credis.
994 3307 1105 3367 Dicitur

97 3395 186 3454 actori
201 3403 286 3472 atque
301 3396 385 3455 etiam
401 3396 577 3473 procuratori
591 3403 639 3454 tuo
656 3395 696 3452 ‘in
712 3395 755 3452 ius
768 3393 849 3469 veni,
865 3411 989 3470 sequere
1005 3391 1040 3453 ad
1055 3391 1103 3451 tri·

98 3478 206 3538 hunal'.
234 3477 304 3541 Nam
320 3478 440 3540 tribunal
457 3494 571 3557 quoque
587 3479 778 3555 excogitatum
792 3477 960 3623 priqqipatui
976 3485 1036 3553 est,
1053 3492 1104 3552 par
