2588 4116
163 225 225 289 280
586 220 619 283 G.
641 220 739 282 PblNl

163 389 261 440 oorrtra
277 377 360 455 leges
376 375 495 436 iecisse.
515 373 648 453 blaguum
662 375 718 436 hoc
734 384 810 452 erat,
827 391 890 433 curn
904 376 1102 451 promitteres3
1114 393 1171 435 ma-

163 467 224 539 ius,
241 470 392 541 postquam
404 460 580 538 praestitisti.
604 458 662 518 lam
672 459 777 519 totiens
790 456 951 536 procedere
965 458 993 517 in
1008 467 1115 535 rostra,
1131 461 1170 518 in·

163 563 314 608 ascensum
330 543 410 603 illurn
424 543 576 620 superbiae
592 543 750 621 principum
769 542 863 601 locum
876 551 991 618 terere,
1013 541 1062 600 bic
1078 545 1171 602 susei-

164 649 235 710 pere
255 630 301 689 bic
323 645 431 706 ponere
446 629 640 703 magistratus,
667 643 749 704 quam
767 626 880 703 dignum
892 634 940 701 te,
969 643 1113 703 quamque
1131 625 1170 685 di-

163 732 276 775 versum
293 710 498 773 consuetudine
513 709 624 768 illorum
640 711 687 788 qui
706 709 836 788 pauculis
857 706 957 768 diebus
972 717 1088 784 gestum
1105 716 1202 769 con-5

164 798 300 873 sulatum,
323 798 408 854 immo
429 810 485 853 non
500 803 612 870 gestum
626 793 784 854 abiciebant
801 810 854 871 per
869 790 1004 851 edietum!
1036 791 1102 851 lloc
1119 810 1171 870 pro

164 884 314 954 contione,
331 880 517 957 prorostris,
534 894 586 954 pro
601 879 661 937 iure
677 875 806 945 iurando;
827 875 940 935 scilicet
956 885 986 934 ut
1002 876 1103 953 primis
1122 894 1170 936 ex-

164 977 252 1024 trema
268 971 472 1039 congruerent,
490 971 576 1040 utque
591 962 647 1020 hoo
665 960 729 1021 solo
743 959 980 1037 intellegerentur
994 960 1052 1036 ipsi
1065 977 1170 1020 cousu-

144 1056 147 1063 '
164 1048 207 1107 les
222 1046 311 1105 luisse
329 1044 405 1122 quod
418 1044 466 1104 alii
482 1063 538 1104 non
552 1044 681 1105 luissent¹
824 1054 828 1059 '
1027 1046 1030 1050 ’

30 1170 36 1179 ·
111 1135 152 1197 66
224 1128 289 1189 Non
304 1128 461 1205 transsilui,
480 1138 575 1206 patres
593 1128 764 1205 conscripti,
780 1127 916 1204 principis
931 1128 1020 1185 uestri
1037 1126 1206 1186 consula-to

162 1226 236 1291 tum,
264 1211 316 1272 sed
337 1212 457 1272 eundern
479 1214 506 1271 in
527 1211 621 1271 loeurn
642 1210 748 1270 contuli
769 1208 903 1288 quidquid
924 1208 959 1268 de
974 1210 1035 1268 iure
1052 1208 1168 1269 iurando

162 1296 312 1358 dicendum
334 1305 403 1356 erat.
435 1293 537 1374 Neque
555 1297 644 1373 enim,
671 1304 702 1353 ut
722 1295 751 1353 in
771 1293 861 1353 sterili
876 1293 1026 1370 ieiunaque
1042 1295 1168 1371 materia,

162 1380 281 1442 eandem
296 1380 426 1456 speciem
446 1379 535 1440 laudis
558 1378 693 1439 diducere
710 1396 744 1438 ae
760 1394 897 1455 spargere
911 1385 997 1454 atque
1014 1375 1169 1436 identidem

162 1473 283 1524 tractare
299 1462 445 1525 debemus.
478 1463 621 1523 inluxerat
642 1463 748 1541 primus
769 1460 930 1521 consulatus
951 1458 1087 1537 midias,
1113 1477 1168 1537 quo

163 1559 192 1608 tu
210 1549 315 1607 curiam
328 1548 494 1624 ingressus,
515 1564 590 1605 nunc
605 1546 733 1622 singulos
748 1563 823 1604 nuno
838 1545 989 1604 universos
1003 1542 1166 1604 adhortatus
1175 1552 1204 1603 lt

163 1650 195 1691 es
206 1647 353 1691 resumere
367 1630 543 1705 libertatem,
561 1647 716 1707 capessere
729 1630 808 1706 quasi
825 1627 980 1688 communis
990 1628 1103 1705 imperii
1120 1646 1166 1686 ou-

51 1732 54 1737 ·
162 1733 220 1788 ras,
237 1712 384 1789 invigilare
400 1712 523 1790 publicis
537 1712 701 1773 utilitatibus
713 1723 742 1772 et
754 1714 912 1789 insurgere.
937 1709 1043 1769 Omnes
1057 1719 1123 1770 ante
1138 1721 1166 1770 te

162 1794 262 1857 eadem
277 1798 331 1854 ista
347 1794 488 1872 dixerunt,
505 1797 609 1856 nemini
620 1805 713 1856 tamen
728 1804 792 1855 aute
807 1805 835 1856 te
849 1794 986 1854 creditum
1000 1804 1054 1855 est.
1077 1792 1167 1853 Erant

162 1879 215 1939 sub
238 1877 330 1939 oculis
349 1878 494 1956 naufragia
515 1879 681 1955 multorum,
715 1896 787 1957 quos
808 1878 943 1940 insidiosa
964 1875 1165 1955 tranquillitate

164 1971 317 2040 provectos
331 1962 493 2040 inprovisus
508 1964 592 2023 turbo
604 1962 775 2041 perculerat.
799 1962 882 2035 Quod
898 1964 971 2021 enim
982 1970 1036 2021 tam
1050 1959 1163 2019 iuiidum
1172 1968 1205 2020 20

162 2064 238 2105 mare
257 2063 339 2123 quam
356 2045 507 2107 blanditiae
523 2049 681 2126 principum
698 2046 827 2123 illorum,
845 2046 946 2124 quibus
962 2053 1036 2105 tanta
1051 2044 1164 2122 levitas,

162 2140 237 2190 tanta
252 2129 329 2189 lraus
342 2139 373 2189 ut
387 2129 498 2190 facilius
515 2140 595 2191 esset
609 2132 697 2191 iratos
712 2149 794 2209 quam
811 2131 952 2209 propitios
966 2125 1096 2189 habere?
1125 2126 1165 2187 Te

161 2232 231 2273 vero
248 2215 343 2273 securi
360 2223 389 2273 et
411 2213 521 2274 alacres
536 2232 593 2293 quo
609 2232 697 2274 vocas
720 2216 873 2292 sequimur.
906 2212 992 2272 lnbes
1010 2229 1077 2271 esse
1095 2211 1165 2271 libe·

161 2315 225 2366 r0s;
246 2299 366 2358 erimus:
388 2298 469 2358 iubes
486 2316 558 2375 quac
573 2300 708 2357 sentimus
725 2315 856 2375 promere
872 2299 899 2355 in
915 2295 1052 2362 medium;
1069 2294 1165 2373 prole·

161 2399 266 2441 remus.
297 2379 400 2458 Neque
424 2383 498 2441 enim
518 2381 610 2441 adhuc
632 2383 742 2458 ignavia
762 2380 881 2458 quadam
900 2389 929 2439 et
945 2380 1028 2438 insito
1046 2386 1164 2455 torpore
1174 2385 1205 2437 ib

161 2467 349 2524 cessavimus:
375 2474 468 2523 terror
484 2474 513 2524 et
528 2475 621 2525 metus
643 2474 672 2524 et
693 2465 795 2522 misera
814 2463 862 2523 illa
880 2481 916 2523 ex
931 2458 1066 2541 periculis
1090 2460 1167 2521 facta

162 2547 308 2623 prudentia
324 2548 456 2607 monebat
470 2557 569 2607 utare
586 2547 699 2626 publica
713 2545 804 2624 (nulla
816 2556 876 2606 erat
887 2555 980 2606 autem
992 2545 1105 2604 omnino
1118 2561 1166 2604 res

159 2628 294 2706 publica)v
306 2628 406 2688 oculos
421 2647 504 2688 aures
518 2632 625 2689 animos
639 2639 843 2690 averteremus.
862 2629 900 2689 At
914 2648 988 2688 nunc
1005 2638 1053 2688 tua
1068 2627 1167 2689 dextra

159 2713 273 2789 tuisque
288 2712 435 2789 promissis
448 2711 518 2772 ireti
534 2723 563 2772 et
584 2715 686 2789 innixi,
708 2714 829 2792 obsepta
845 2713 949 2774 diutina
963 2713 1102 2773 servitute
1118 2729 1166 2771 ora

160 2812 320 2855 reseramus
332 2794 524 2873 frenatamque
539 2805 581 2857 tot
595 2797 676 2857 malis
688 2796 810 2874 linguam
827 2796 1007 2858 resolvimus.
1028 2794 1078 2856 Vis
1091 2797 1164 2855 enim
1174 2802 1206 2855 30

160 2878 233 2938 tales
250 2895 385 2939 essenos
402 2878 501 2956 quales
517 2881 616 2958 iubes,
638 2880 765 2960 nihilque
786 2880 1031 2941 exhortationibus
1049 2880 1106 2939 tuis
1123 2879 1166 2938 iu·

162 2971 270 3040 catum,
291 2962 359 3022 nibil
375 2960 543 3042 subdolum,
567 2964 690 3043 denique
705 2964 774 3024 nihil
791 2965 867 3043 quod
882 2963 1047 3025 credentem
1063 2963 1165 3025 fallere

160 3056 257 3124 paret,
273 3063 330 3106 non
345 3047 406 3108 siue
422 3048 552 3125 periculo
568 3048 702 3109 fallentis.
725 3047 828 3127 Neque
844 3050 918 3109 enim
932 3064 1063 3125 umquam
1079 3046 1165 3107 dece·

64 3203 67 3210 ¹
107 3129 146 3192 67
160 3139 226 3208 ptus
248 3140 293 3191 est
314 3133 450 3210 princeps
465 3133 518 3192 nisi
535 3134 581 3211 qui
597 3135 675 3211 prius
693 3134 756 3212 ipse
770 3133 897 3210 decepit.
930 3129 1072 3209 Equidem
1089 3130 1165 3189 hunc

159 3216 282 3292 pareatis
305 3215 413 3294 publici
435 3235 551 3278 sensum
571 3234 634 3276 cum
649 3218 825 3277 exoratione
847 3217 908 3277 eius
926 3226 985 3276 tum
1000 3215 1207 3294 pronuntia-35

158 3301 235 3358 tione
250 3301 312 3378 ipsa
328 3301 515 3379 perspexisse
529 3301 638 3361 videor.
661 3299 741 3374 Quae
758 3301 832 3360 enim
845 3299 893 3359 illa
908 3301 1031 3376 gravitas
1047 3307 1163 3357 senten-

159 3382 269 3440 tiarum!
285 3401 368 3461 quam
380 3383 548 3443 inadfectata
559 3386 663 3444 veritas
676 3383 842 3444 verborum!
857 3401 931 3461 quac
943 3382 1123 3442 adseveratio
1136 3382 1164 3439 in

157 3463 245 3552 voce!
266 3483 339 3543 quae
354 3466 508 3528 adfirmatio
524 3469 552 3526 in
565 3467 658 3527 vultui
682 3477 782 3545 quanta
797 3469 825 3526 in
841 3466 951 3544 oeulis,
973 3466 1086 3544 babitu,
1110 3482 1163 3542 ge·
