2588 4116
625 243 658 306 o.
682 243 779 306 ruini
875 194 878 203 ¹

421 447 460 530 o.
489 447 600 528 nurui
631 445 789 529 ornatu
816 443 993 528 saeuum

320 603 350 716 U
393 605 424 714 l
465 602 484 712 l
529 602 552 712 U
595 601 625 712 l
666 599 701 714 U
745 600 772 710 l
816 602 849 712 l
893 601 928 712 U
968 599 1003 714 U
1045 599 1087 713 U

566 790 664 846 LIBER
684 789 846 858 QUINTUS.

695 952 717 1014 1.

423 1052 450 1104 0.
468 1052 594 1105 PLINRJS
613 1053 711 1104 ANNIO
731 1052 859 1104 SEVERO
878 1052 939 1104 SUO
956 1052 983 1104 S.

174 1176 191 1226 1
260 1157 398 1234 legatum
421 1155 487 1215 mibi
507 1156 625 1217 obvenit
645 1156 787 1217 modicum
812 1156 865 1217 sed
890 1152 1065 1234 amplissimo
1091 1157 1210 1233 gratius.
1220 1172 1252 1225 lo

201 1238 260 1301 Cur
270 1241 445 1321 amplissimo
456 1238 585 1318 gratius?
601 1241 755 1320 Pomponia
773 1239 855 1302 Galla
873 1238 1047 1299 exheredato
1065 1238 1123 1299 lilio
1136 1240 1211 1301 Asu-

201 1326 248 1386 dio
265 1324 387 1386 Curiano
402 1325 539 1386 heredem
560 1325 715 1404 reliquerat
735 1342 798 1403 me,
821 1323 938 1384 dederat
958 1321 1119 1384 coheredes
1142 1325 1211 1384 Ser·

201 1413 304 1471 torium
319 1411 476 1486 Severum,
489 1412 662 1488 praetorium
676 1412 784 1487 virum,
800 1408 931 1488 aliosque
947 1408 1115 1487 splendidos
1130 1411 1211 1487 equi·

173 1505 247 1563 stes
270 1494 425 1554 Romanos.
463 1491 602 1554 Curianus
629 1494 726 1553 orabat
753 1503 784 1553 ut
809 1494 864 1554 sibi
890 1493 1024 1552 donarem
1049 1495 1209 1571 portionem
1234 1510 1258 1559 s·

201 1597 292 1638 meam
307 1596 398 1655 seque
414 1576 590 1655 praeiudicio
608 1578 747 1645 iuvarem;
770 1576 889 1637 eandem
912 1578 997 1637 tacita
1018 1581 1211 1638 conventione·
1218 1595 1250 1648 15

175 1662 308 1730 3salvam
328 1661 395 1720 mihi
415 1659 616 1738 pollicebatur.
647 1659 869 1739 Respondebam
883 1679 940 1721 non
955 1664 1110 1722 convenire
1125 1664 1210 1722 mori·

201 1748 254 1807 bus
269 1746 341 1805 meis
356 1743 432 1804 aliud
448 1743 539 1822 palam
556 1744 631 1803 aliud
645 1763 733 1822 agere
749 1755 883 1822 secreto,
898 1756 1050 1825 praeterea
1067 1763 1123 1805 non
1140 1766 1209 1807 esse

200 1832 269 1890 satis
283 1828 435 1889 honestum
457 1828 563 1888 donare
584 1837 613 1888 et
634 1828 774 1907 locupleti
796 1839 826 1890 et
847 1832 936 1908 orbo,
957 1832 986 1890 in
1007 1849 1130 1908 summa,
1153 1849 1209 1891 nou

199 1912 378 1993 profuturum
393 1914 438 1991 ei,
460 1914 484 1973 si
506 1912 674 1990 donassem,
696 1914 890 1993 profuturum,
907 1915 931 1974 si
950 1916 1123 1993 cessissem,
1141 1935 1208 1975 esse

199 2007 293 2058 autem
308 2016 354 2057 me
370 2008 497 2077 paratum
515 1998 638 2077 cedere,
661 2001 686 2059 si
706 2000 801 2079 inique
817 1998 1020 2060 exheredatum
1034 1999 1100 2058 mibi
1117 1999 1250 2078 lique-20

172 2092 252 2145 aret.
275 2082 321 2144 Ad
336 2083 393 2143 boc
408 2082 458 2153 ille
476 2089 563 2161 ‘rogo
578 2090 764 2162 cognoscas!
788 2082 944 2145 Cunctatus
956 2083 1069 2163 paulum
1081 2083 1208 2144 ‘faciam’

198 2169 327 2246 inquam:
343 2174 451 2247 ‘neque
469 2170 543 2230 enim
557 2169 643 2229 video
659 2188 710 2229 cur
723 2172 787 2248 ipse
800 2188 847 2229 me
862 2170 998 2228 minorem
1012 2178 1110 2246 putem
1126 2187 1210 2245 quam

199 2253 250 2313 tibi
264 2252 375 2314 videor.
406 2253 465 2313 Sed
485 2255 539 2313 iam
559 2272 635 2314 nunc
655 2263 798 2314 memento
813 2270 870 2312 non
885 2251 1043 2311 defuturam
1057 2251 1124 2309 mihi
1140 2270 1210 2312 con·

200 2340 346 2415 stantiam,
363 2339 388 2398 si
402 2339 439 2397 ita
456 2337 528 2397 fides
543 2336 670 2411 duxerit,
692 2337 847 2395 secundum
862 2342 979 2392 matrem
994 2341 1068 2391 tuam
1083 2352 1210 2409 pronun·

173 2423 306 2482 otiandi?
337 2421 387 2479 ‘Ut
403 2420 499 2480 voles’
515 2422 567 2478 ait:
583 2417 678 2477 ‘voles
693 2419 767 2475 enirn
784 2413 1094 2493 quodaequissimurn.’
1116 2415 1207 2476 Adhi-
1218 2431 1253 2484 25
1291 2447 1292 2452 1

198 2505 246 2563 bui
262 2507 290 2562 in
309 2503 458 2562 consilium
478 2501 550 2560 duos
571 2516 643 2576 quos
664 2507 732 2559 tunc
751 2501 850 2559 civitas
866 2507 963 2557 nostra
978 2501 1207 2576 spectatissimos

197 2587 309 2660 habuit,
331 2583 487 2643 Corellium
507 2592 536 2642 et
556 2581 729 2642 Frontinum.
758 2581 808 2642 llis
824 2583 1013 2644 circumdatus
1028 2584 1054 2641 in
1072 2585 1208 2646 cubiculo

171 2677 262 2730 6meo
278 2667 350 2726 sedi.
370 2665 449 2726 Dixit
464 2663 601 2727 Curianus
618 2684 690 2745 quae
708 2685 761 2746 pro
778 2688 811 2729 se
826 2667 951 2746 putabat.
974 2666 1122 2745 Respondi
1137 2687 1206 2748 pau·

198 2752 240 2811 cis
255 2765 326 2827 ego;
341 2769 436 2829 neque
451 2751 526 2809 enim
541 2751 637 2811 aderat
650 2749 721 2812 alius
738 2754 786 2830 qui
797 2752 949 2812 deiunctae
960 2752 1099 2831 pudorem
1111 2764 1206 2815 tuere·

196 2844 256 2894 tur:
282 2833 385 2894 deinde
407 2837 519 2896 secessi
538 2844 568 2895 et
589 2854 626 2895 ex
647 2836 759 2897 consilii
774 2840 914 2898 sententia
930 2837 1064 2897 ‘videtur'
1081 2840 1249 2917 inquam,30

198 2915 351 2996 ‘Curiane,
377 2929 467 2979 mater
491 2929 538 2980 tua
565 2922 653 2981 iustas
679 2920 814 2983 habuisse
835 2939 935 2983 causas
960 2923 1101 2982 irascendi
1129 2925 1203 2983 tibi’

197 3002 266 3063 Post
287 3001 344 3064 boc
364 3003 414 3063 ille
437 3021 499 3063 cum
515 3007 621 3066 ceteris
642 3005 813 3086 subscripsit
834 3007 1037 3067 centumvirale
1058 3008 1202 3085 iudicium,

170 3097 252 3152 'lnon
268 3087 438 3166 subscripsit
453 3106 574 3151 mecum.
597 3088 762 3168 Adpetebat
772 3090 867 3151 iudicii
883 3091 959 3151 dies:
976 3090 1137 3152 coheredes
1147 3095 1204 3151 ‘mei

198 3189 363 3251 conponere
381 3183 411 3233 et
424 3176 584 3252 transigere
600 3175 768 3253 cupiebant,
785 3193 841 3234 non
857 3175 1012 3236 diffidentia
1034 3193 1135 3237 causae
1152 3176 1204 3236 sed

196 3267 273 3318 metu
295 3266 463 3337 temporum.
493 3257 673 3320 Verebantur
688 3258 764 3337 quod
784 3259 918 3320 videbant
935 3259 1029 3319 multis
1049 3259 1246 3338 accidisse,35

168 3351 233 3404 8ne
249 3360 286 3401 ex
301 3342 495 3402 centumvirali
513 3343 617 3404 iudicio
634 3345 736 3420 capitis
750 3345 792 3402 rei
808 3347 927 3403 exirent.
949 3343 986 3403 Et
1001 3355 1080 3404 erant
1093 3344 1202 3421 quidam

197 3427 225 3483 in
241 3425 297 3484 illis
314 3430 416 3503 quibus
432 3429 508 3488 obici
524 3439 553 3488 et
569 3427 703 3488 Gratillae
718 3429 839 3486 amicitia
851 3438 879 3488 et
892 3427 1004 3489 Rustici
1016 3438 1125 3506 posset.
1145 3427 1203 3487 Ro·

169 3517 264 3585 Ugant
278 3526 324 3568 me
345 3520 375 3570 ut
391 3529 454 3571 cum
469 3510 591 3573 Curiano
611 3510 721 3591 loquar.
754 3510 945 3572 Convenimus
963 3513 990 3571 in
1011 3513 1112 3572 aedem
1128 3510 1203 3572 Gon-
