2588 4116
227 202 289 264 222
529 196 561 257 C.
583 195 679 256 cmxl
700 194 749 253 ΕΤ
772 191 928 252 rustam

201 356 371 430 serigente.
404 349 483 409 llaec
504 352 532 408 in
553 350 679 408 notitiam
693 356 766 405 tuam
783 341 951 422 perlerenrla
967 340 1144 415 existimavi,
1168 341 1230 417 quia
1293 329 1294 370 ³

229 438 356 517 proxime
375 435 546 512 scripseram
562 435 671 511 petisse
692 429 857 504 Lycormam
875 435 905 484 ut
925 425 1115 501 legationem,
1138 423 1229 501 siqua

228 523 356 580 venisset
370 537 386 577 a
401 518 544 595 Bosporo,
560 516 694 593 usquein
710 512 859 573 adventum
870 527 949 568 suum
960 509 1125 567 retinerem.
1149 504 1229 578 Quod

228 606 330 664 diutius
345 601 468 661 faciendi
487 600 563 659 nulla
576 599 644 658 milri
659 595 815 676 probabilis
828 595 897 654 ratio
913 594 1048 667 occurrit,
1062 591 1229 668 praesertim

229 707 292 748 cum
304 686 444 765 epistulae
458 683 629 759 Lycormae,
645 698 715 760 quas
732 680 877 755 detinere,
891 686 922 735 ut
936 685 1000 735 ante
1017 672 1168 753 praedixi,
1182 680 1247 734 not

228 772 278 847 lui,
291 770 397 848 aliquot
412 767 514 828 diebus
528 766 603 826 hunc
617 766 742 842 legatum
757 772 959 822 antecessurae
971 759 1147 818 viderentur.

583 899 708 960 Lxl'lll.
728 895 874 974 [imilla]

455 1002 481 1052 r.
499 1000 624 1052 numius
642 997 785 1050 rasiano
800 993 1008 1046 rurrsnsrom.

292 1105 457 1166 Petentibus
472 1105 638 1183 quibusdam
652 1114 683 1163 ut
700 1103 754 1163 sibi
768 1100 901 1178 reliquias
922 1114 1036 1158 suorum
1050 1105 1097 1157 aut
1112 1103 1231 1173 propter
1238 1103 1266 1155 10

228 1191 354 1248 iniuriam
376 1190 526 1250 vetustatis
547 1198 594 1248 aut
615 1197 733 1266 propter
754 1185 873 1244 lluminis
894 1185 1035 1241 incursum
1055 1179 1166 1257 aliaque
1186 1176 1230 1235 his

229 1271 328 1333 similia
343 1292 538 1352 quaecumque
558 1271 713 1333 seeundum
734 1268 895 1347 exemplum
916 1263 1120 1344 proconsulum
1142 1272 1229 1323 trans·

229 1356 305 1417 ferre
327 1360 539 1436 permitterem,
564 1358 628 1435 quia
649 1354 775 1417 sciebam
795 1355 822 1411 in
843 1352 913 1411 urbe
927 1358 1023 1410 nostra
1039 1367 1076 1409 ex
1093 1344 1228 1409 eiusmodi

231 1459 317 1501 rausa
335 1442 488 1518 collegium
504 1441 669 1519 pontilicum
682 1440 750 1499 adiri
765 1436 873 1512 solere,
888 1445 927 1509 te,
943 1434 1066 1510 domine,
1082 1434 1229 1492 maximum

230 1526 394 1602 pontificem
412 1524 617 1585 consulendum
632 1524 727 1601 putavi
742 1521 809 1599 quid
825 1521 979 1580 observare
996 1536 1040 1577 me
1054 1515 1138 1577 velis.
1239 1527 1264 1578 15

580 1650 881 1730 uxvuu.pxan

560 1752 724 1804 Tauranus
740 1752 845 1803 Pnrxro
865 1752 892 1802 S.

288 1854 395 1913 Durum
408 1866 452 1915 est
464 1857 611 1933 iniungere
622 1857 822 1916 necessitatem
834 1854 1055 1933 provincialibus
1066 1855 1228 1934 pontificum

226 1936 430 2015 adeunrlorum,
448 1940 471 1998 si
485 1938 621 2017 reliquias
640 1956 755 2001 suorum
768 1948 886 2018 propter
899 1938 1008 2016 aliquas
1023 1939 1110 2000 iustas
1126 1949 1267 2001 causacio

226 2020 380 2082 transferre
397 2042 434 2082 err
447 2023 513 2083 loco
534 2025 562 2081 iu
582 2024 665 2083 alium
683 2024 776 2083 locum
791 2024 889 2083 velint.
923 2023 1075 2099 Sequenda
1089 2037 1159 2099 ergo
1175 2039 1227 2100 po·

228 2109 281 2167 tius
298 2106 348 2166 tibi
369 2108 501 2185 exempla
522 2117 585 2168 sunt
605 2126 703 2168 eorum
725 2110 772 2185 qui
792 2109 838 2167 isti
859 2108 1023 2186 provinciae
1044 2106 1226 2185 praefuerunt

227 2200 308 2251 etex
324 2208 407 2251 eausa
423 2194 526 2270 cuique
543 2193 580 2250 ita
595 2202 642 2251 aut
656 2190 874 2270 permittendum
890 2201 936 2251 aut
953 2190 1122 2267 negandum.
1205 2255 1209 2261 ,

607 2324 846 2402 ιιι.μιιιι

450 2424 475 2474 C,
492 2424 617 2475 PLINIUS
635 2423 779 2474 TRAIANO
795 2424 1002 2478 lllPEllATORl.

141 2526 144 2531 ’
204 2542 217 2591 1
289 2527 443 2599 Quaerenti
458 2528 539 2603 milri,
558 2527 681 2604 domine,
699 2527 805 2589 Prusae
820 2528 867 2587 ubi
883 2538 983 2607 posset
995 2526 1135 2588 balineum
1149 2527 1229 2607 quod

226 2609 367 2670 indulsisti
382 2612 460 2687 lueri,
482 2610 588 2688 placuit
604 2610 686 2671 loeus
706 2613 733 2672 in
751 2630 807 2690 quo
823 2613 875 2672 luit
891 2611 1041 2692 aliquando
1056 2612 1175 2689 domus,
1198 2621 1228 2672 ut

225 2691 318 2770 audio,
336 2692 463 2771 pulchra,
479 2712 553 2753 nunc
569 2693 703 2756 deformis
718 2699 813 2757 ruinis.
838 2697 893 2757 Per
903 2697 959 2757 hoc
976 2699 1049 2757 euim
1065 2714 1226 2775 conseque·

225 2795 285 2835 mrrr
299 2786 329 2837 ut
350 2776 513 2837 foedissima
533 2777 622 2839 iacies
644 2782 763 2842 civitatis
787 2792 903 2842 ornetur
919 2791 1004 2860 atque
1021 2783 1105 2841 etiam
1119 2790 1150 2842 ut
1166 2782 1261 2860 ipsaoo

224 2861 322 2920 civitas
342 2860 490 2938 amplietur
509 2880 564 2922 uec
585 2863 642 2924 ulla
662 2866 791 2926 aedificia
811 2865 959 2944 tollantur,
980 2866 1050 2942 sed,
1073 2872 1226 2942 quaesunt

197 2953 363 3007 avetusrate
379 2944 524 3024 sublapsa,
540 2946 703 3010 relaxentur
717 2952 745 3009 in
760 2949 871 3010 melius.
903 2949 956 3010 list
969 2958 1062 3008 autem
1077 2947 1160 3009 huius
1176 2948 1224 3008 do·

222 3046 284 3088 snus
301 3030 425 3090 conditio
440 3030 520 3092 talis:
543 3030 689 3110 legaverat
704 3052 765 3094 eam
781 3033 914 3095 Claudius
929 3032 1089 3108 Polyaenus
1106 3031 1225 3093 Claudio

224 3111 339 3174 Caesari
360 3116 500 3194 iussitque
522 3118 550 3176 in
571 3117 720 3196 peristylio
743 3117 880 3195 templum
901 3120 928 3178 ei
951 3119 1028 3191 lueri,
1056 3116 1167 3195 reliqua
1188 3134 1225 3176 en

222 3196 305 3257 domo
321 3198 418 3262 locari.
440 3200 485 3261 Ex
495 3221 529 3263 ea
542 3201 662 3263 reditum
673 3203 831 3280 aliquandiu
843 3202 942 3263 civitas
955 3202 1100 3280 percepit:
1119 3200 1223 3260 deinde
1232 3206 1262 3262 35

223 3282 354 3357 paulatim
374 3287 473 3363 partim
496 3288 615 3367 spoliata
639 3289 739 3366 partim
760 3287 896 3364 neglecta
918 3303 981 3345 cum
1002 3284 1151 3364 peristylio
1174 3285 1225 3343 do·

221 3381 282 3422 mus
305 3375 363 3426 tota
384 3370 521 3449 conlapsa
541 3383 602 3449 est,
628 3390 662 3433 ac
681 3374 734 3432 iam
755 3390 846 3451 paene
864 3369 932 3443 nihil
954 3388 992 3429 ex
1012 3387 1047 3429 ea
1060 3370 1114 3429 nisi
1130 3368 1227 3429 solum

220 3458 368 3521 superest3
383 3454 516 3533 qucum,
533 3457 661 3537 domine,
677 3459 738 3517 sive
758 3456 906 3516 donaveris
920 3454 1026 3513 civitati
1044 3454 1106 3512 sive
1121 3455 1225 3512 venire

58 3646 278 3808 ἢ,
