2588 4116
416 235 677 297 EPISTULARUM
691 235 753 317 Vll.
773 246 815 298 26.
828 244 871 298 nt.
1088 236 1149 297 149

142 389 202 450 dior
218 389 437 467 pulchriorque:
463 390 616 467 perterrito
629 388 752 447 Africam
769 406 818 462 se,
840 387 996 446 futurorum
1011 405 1148 466 praenun-

141 477 223 551 tiam,
247 474 329 541 dixit;
355 473 458 531 iturum
479 473 553 531 enim
569 471 685 530 Romam
700 472 881 549 honoresque
895 480 1042 547 gesturum
1057 472 1147 550 adque

141 561 224 618 etiam
247 575 311 617 cum
331 574 439 616 summo
461 557 580 634 imperio
600 557 628 613 in
643 555 762 614 eandem
776 557 952 632 provinciam
967 573 1147 615 reversurum
1231 573 1232 577 ’

141 644 237 719 ibique
253 643 425 700 moriturum.
448 638 534 699 Facta
546 647 610 698 sunt
626 640 727 698 omnia.
749 637 901 698 Praeterea
917 638 1065 698 accedenti
1081 637 1174 715 Car-3

113 726 283 802 5thaginem
298 723 514 800 egredientique
532 740 604 782 nave
621 723 720 783 eadem
739 721 827 800 ligura
843 725 871 781 in
885 722 967 781 litore
985 724 1147 782 occurrisse

140 819 274 869 narratur.
307 807 375 886 lpse
393 817 472 867 certe
488 806 633 884 inplicitus
655 807 774 882 morbo,
803 806 894 865 lutura
909 807 1083 884 praeteritis,
1099 807 1146 865 ad-

140 911 224 953 versa
244 892 377 951 secundis
399 901 569 968 auguratus,
591 909 673 969 spem
695 890 793 950 salutis
815 889 892 949 nullo
909 907 1025 949 suorum
1041 890 1145 968 despe-

139 987 219 1037 rante
243 977 372 1052 proiecit.
406 973 464 1034 lam
485 974 555 1034 illud
572 992 666 1033 nonne
688 983 717 1034 et
731 976 819 1052 magis
835 973 964 1033 terribile
981 982 1010 1033 et
1024 991 1080 1032 non
1094 975 1170 1037 mit

139 1080 192 1119 nus
207 1062 306 1118 mirum
321 1069 383 1134 est,
401 1057 482 1136 quod
504 1076 643 1136 exponam
667 1067 696 1117 ut
711 1054 832 1136 accepi?
858 1056 926 1117 Erat
942 1056 1059 1119 Athenis
1077 1070 1167 1136 spa-5

97 1154 131 1204 10
139 1147 213 1204 tiosa
230 1153 259 1203 et
277 1160 366 1219 capax
381 1141 496 1218 domus,
515 1142 567 1202 sed
582 1143 693 1202 infamis
708 1151 737 1202 et
752 1141 901 1220 pestilens.
927 1140 988 1211 vPer
1003 1141 1145 1201 silentium

137 1229 232 1287 noctis
246 1244 334 1286 sonus
346 1226 426 1302 ferri,
440 1235 468 1285 ct
486 1227 509 1284 si
521 1225 683 1285 attenderes
696 1228 799 1300 acrius,
816 1227 954 1303 strepitus
966 1224 1144 1283 vinculorum

137 1311 254 1387 longius
270 1311 377 1388 primo,
401 1309 504 1368 deinde
523 1329 539 1368 e
557 1311 686 1386 proximo
703 1307 888 1368 reddebatur:
910 1324 976 1365 mox
991 1309 1144 1385 apparebat

137 1394 254 1468 idolon,
278 1411 369 1453 senex
390 1394 480 1452 macie
501 1402 529 1452 et
547 1392 680 1469 squalore
697 1391 863 1467 conlectus,
886 1391 1025 1467 promissa
1046 1391 1142 1467 barba,

137 1479 266 1538 horrenti
290 1476 408 1556 capillo:
434 1477 564 1536 cruribus
587 1475 759 1553 compedes,
782 1475 910 1534 manibus
931 1483 1045 1534 catenas
1060 1491 1143 1550 gere·

96 1578 128 1628 15
138 1563 186 1622 bat
202 1561 413 1639 quatiebatque.
447 1559 516 1620 Inde
534 1559 751 1620 inhabitantibus
772 1560 869 1618 tristes
887 1558 1021 1636 diraeque
1043 1567 1169 1620 nocteso

137 1664 192 1724 per
212 1656 316 1705 metum
331 1644 520 1721 vigilabuntur
527 1650 538 1703 :⁴
560 1644 684 1722 vigiliam
703 1644 819 1702 morbus
836 1652 864 1702 et
881 1651 1032 1701 crescente
1047 1641 1141 1700 lormi-

138 1729 202 1788 dine
220 1748 296 1790 mors
312 1730 492 1810 sequebatur.v
524 1727 596 1787 Nam
611 1728 730 1788 interdiu
744 1744 876 1806 quoque,
895 1743 1061 1804 quamquam
1077 1725 1140 1785 abs-

137 1824 267 1873 cesserat
288 1815 399 1890 imago,
421 1815 554 1872 memoria
577 1814 705 1889 imaginis
722 1811 814 1871 oculis
836 1811 995 1887 inerrabat,
1015 1809 1140 1888 longior-

114 1933 117 1938 ·
137 1914 193 1973 que
212 1900 305 1956 causis
316 1899 425 1956 timoris
441 1899 524 1955 timor
536 1907 605 1955 erat.
635 1897 756 1956 Deserta
773 1895 837 1954 inde
853 1903 881 1953 et
897 1895 1023 1954 damnata
1042 1894 1139 1954 solitu·

91 1991 127 2042 20
136 1979 202 2039 dine
216 1981 315 2039 domus
331 1988 447 2057 totaque
462 1979 503 2037 illi
517 1989 643 2039 monstro
657 1979 771 2044 relicta;
789 1980 1021 2056 proscribebatur
1035 1988 1137 2054 tamen,

137 2081 189 2122 seu
205 2065 268 2140 quis
284 2081 397 2138 emere,
417 2080 469 2121 seu
487 2064 548 2139 quis
565 2064 726 2120 conducere
746 2063 860 2138 ignarus
876 2063 944 2121 tanti
960 2061 1024 2119 mali
1040 2062 1139 2120 vellet.

134 2145 222 2204 Venit
236 2145 362 2205 Athenas
378 2144 567 2222 philosophus
584 2144 803 2219 Athenodorus,
826 2144 897 2220 legit
912 2142 1038 2219 titulum,
1063 2144 1164 2208 audi-7

135 2240 225 2308 toque
236 2231 341 2308 pretio,
360 2230 426 2306 quia
441 2237 577 2306 suspecta
592 2227 703 2303 vilitas,
716 2236 935 2305 percunctatus,
949 2227 1041 2286 omnia
1053 2226 1139 2285 doce-

114 2324 182 2385 tur
197 2331 231 2373 ac
245 2313 333 2372 nihilo
347 2314 456 2389 minus,
483 2314 567 2371 immo
588 2321 664 2370 tanto
684 2313 775 2389 magis
798 2310 938 2370 conducit.
971 2309 1026 2369 Ubi
1042 2311 1140 2387 coepit

92 2400 127 2452 25
137 2397 399 2475 advesperascere,
426 2397 505 2457 iubet
520 2398 608 2456 sterni
623 2397 677 2456 sibi
700 2398 788 2474 prima
809 2395 909 2454 domus
928 2403 1025 2473 parte,
1046 2396 1140 2472 poscit

136 2481 292 2559 pugillares
323 2481 418 2542 stilum
445 2481 555 2540 lumen:
583 2499 653 2540 suos
682 2497 780 2540 omnes
807 2481 835 2538 in
862 2480 996 2538 interiora
1017 2477 1138 2554 dimittit,

136 2567 200 2642 ipse
225 2564 259 2623 ad
283 2565 464 2625 scribendum
484 2568 604 2624 animum
626 2564 728 2624 oculos
748 2580 859 2623 manum
876 2563 1010 2640 intendit,
1033 2581 1069 2621 ne
1091 2581 1139 2622 va·

137 2664 279 2706 coamens
292 2649 383 2707 audita
398 2648 546 2708 simulacra
561 2659 590 2708 et
603 2650 700 2709 inanes
717 2649 770 2708 sibi
786 2656 878 2707 metus
891 2648 1020 2725 lingeret.
1042 2646 1165 2724 lnitio,8

137 2729 220 2808 quale
234 2731 356 2806 ubique,
380 2731 521 2790 silentium
529 2736 645 2809 noctis,
666 2731 732 2791 dein
748 2734 860 2792 concuti
878 2732 999 2808 ferrum,
1025 2730 1139 2790 vincula

91 2815 245 2876 3011111111
255 2835 261 2871 :
273 2812 321 2872 ille
336 2831 393 2872 non
408 2813 511 2873 tollere
525 2815 637 2893 oculos,
651 2834 707 2875 non
719 2818 863 2875 remittere
876 2816 980 2893 stilum,
999 2814 1051 2875 sed
1063 2814 1138 2874 11111-

135 2915 210 2956 mare
232 2898 350 2956 animum
370 2897 540 2976 auribusque
561 2899 764 2976 praetendere:
791 2910 848 2960 tum
876 2900 1063 2960 crebrescere
1084 2898 1138 2957 lra-

134 2999 204 3058 gor,
219 2981 382 3058 adventare,
399 2983 495 3041 etiam
509 2984 580 3041 utin
595 2981 707 3060 limine,
731 2986 785 3044 iam
802 2993 832 3042 ut
850 2985 920 3043 intra
933 2983 1017 3042 limen
1033 2982 1137 3042 audiri:

134 3067 268 3143 respicit,
291 3065 370 3124 videt
390 3066 576 3144 agnoscitque
597 3076 733 3127 narratam
748 3068 801 3126 sibi
816 3067 951 3144 effigiem.
984 3065 1081 3125 Stabat
1096 3067 1163 3128 in-9

134 3150 296 3228 nuebatque
318 3150 424 3226 digito,
451 3148 552 3210 similis
572 3152 700 3210 vocanti:
727 3150 774 3211 hic
790 3160 887 3209 contra
907 3158 937 3207 ut
952 3148 1065 3226 paulum
1088 3165 1136 3207 ex-

91 3241 125 3294 35
135 3243 279 3312 spectaret
294 3251 375 3293 manu
391 3232 531 3310 significat
545 3252 701 3311 rursusque
718 3235 791 3294 ceris
803 3243 833 3293 et
849 3231 915 3293 stilo
926 3230 1074 3290 incumbit:
1090 3230 1138 3290 illa

134 3318 286 3377 scribentis
305 3319 390 3396 capiti
413 3319 518 3377 catenis
533 3318 695 3378 insonabat:
716 3317 834 3394 respicit
854 3333 951 3375 rursus
968 3314 1043 3373 idem
1060 3315 1137 3392 quod

133 3403 211 3479 prius
222 3403 395 3476 innuentem,
411 3418 466 3460 nec
477 3409 602 3462 moratus
613 3399 687 3460 tollit
702 3399 796 3459 lumen
811 3408 840 3458 et
855 3398 993 3475 sequitur.
1015 3397 1077 3459 lbat
1089 3399 1137 3458 illa
1145 3411 1180 3462 lit

132 3484 210 3543 lento
226 3485 325 3562 gradu,
343 3486 424 3564 quasi
439 3485 534 3562 gravis
548 3483 685 3543 vinculis:
710 3490 860 3561 postquam
876 3481 992 3542 deflexit
1004 3483 1031 3542 in
1043 3501 1136 3544 aream
