2588 4116
461 183 724 244 EPISTULARUM
737 185 775 245 ll.
798 194 839 248 17.
1111 185 1154 248 39

144 335 300 419 gestationi
311 333 447 397 interiore
460 337 607 396 circumitu
618 337 700 396 vinea
712 346 811 396 tenera
822 346 850 396 et
864 337 995 397 umbrosa
1011 337 1152 417 nudisque

67 466 70 471 -
146 422 233 481 etiam
247 418 370 498 pedibus
392 419 486 479 mollis
504 428 534 478 et
549 419 666 479 cedens.
701 418 819 478 Hortum
840 437 935 478 morus
957 429 987 479 et
1008 422 1078 480 ficus
1095 421 1153 481 fre·

147 521 239 584 quens
254 504 352 581 vestit,
368 520 485 582 quarum
501 503 633 563 arborum
652 502 700 562 illa
717 501 765 562 vel
779 503 898 563 maxime
913 502 993 563 ferax
1006 513 1080 564 terra
1096 514 1151 581 est,

147 586 298 665 malignior
319 587 434 646 ceteris.
466 585 526 646 llac
541 603 597 646 non
617 585 761 646 deteriore
781 602 864 664 quam
878 587 962 645 maris
980 586 1053 646 facie
1070 605 1152 647 cena·

122 673 188 736 stin
202 680 312 730 remota
325 688 341 729 a
354 671 422 729 mari
436 670 552 729 fruitur:
568 671 691 747 cingitur
707 669 806 730 diaetis
819 669 928 729 duabus
943 687 959 727 a
974 678 1069 746 tergo,
1086 688 1152 747 qua·

148 771 210 813 rum
230 753 365 814 fenestris
389 755 519 814 subiacet
537 752 710 813 vestibulum
729 752 816 812 villae
837 762 867 812 et
890 752 990 812 hortus
1007 752 1078 811 alius
1094 754 1154 829 pin·

148 838 213 915 guis
239 847 268 897 et
289 839 423 896 rusticus.
456 836 528 896 Hinc
553 839 784 916 cryptoporticus
806 854 899 914 prope
917 835 1029 915 publici
1055 838 1152 914 operis
1162 846 1196 901 16

149 920 320 982 extenditur.
352 920 499 1000 Utrimque
515 921 675 997 fenestrae,
691 941 706 981 a
721 921 789 979 mari
804 918 918 999 plures,
935 920 969 979 ab
984 919 1069 979 horto
1084 938 1152 998 pau-

149 1007 255 1083 ciores,
273 1004 324 1065 sed
339 1004 455 1065 alternis
471 1003 610 1082 singulae.
637 1003 708 1081 Hae,
729 1022 791 1063 cum
808 1021 928 1063 serenus
943 1003 1004 1063 dies
1020 1013 1050 1064 et
1064 1005 1151 1064 inmo·

105 1097 205 1167 lotus,
224 1105 334 1165 omnes,
348 1106 411 1147 cum
422 1088 487 1148 hinc
498 1087 545 1148 vel
557 1088 621 1148 inde
632 1096 735 1148 ventus
747 1088 901 1166 inquietus,
917 1106 972 1166 qua
983 1088 1061 1147 venti
1073 1089 1152 1166 quie·

148 1181 249 1248 scunt,
274 1173 335 1230 sine
350 1172 449 1232 iniuria
468 1181 574 1250 patent.
601 1171 674 1231 Ante
692 1173 937 1250 cryptoporticum
948 1180 1048 1246 xystus
1065 1171 1150 1231 violis
1162 1177 1195 1234 17

149 1256 299 1315 odoratus:
312 1265 444 1333 teporem
456 1255 526 1313 solis
538 1254 623 1312 inlusi
630 1272 804 1332 repercussu
813 1257 1045 1332 cryptoporticus
1053 1263 1151 1332 auget,

148 1358 222 1417 quae
234 1348 265 1398 ut
280 1346 360 1397 tenet
374 1337 466 1396 solem
478 1341 520 1396 sie
531 1337 691 1415 aquilonem
702 1337 809 1395 inhibet
821 1346 1050 1413 summoveoque,
1067 1356 1153 1414 quan·

147 1432 265 1500 tumque
284 1419 388 1481 caloris
409 1429 474 1480 ante
492 1430 597 1481 tantum
617 1430 695 1479 retro
718 1419 843 1497 frigoris.
879 1418 1014 1478 Similiter
1026 1418 1154 1478 Africum

104 1520 139 1572 15
148 1507 241 1582 sistit,
265 1514 349 1583 atque
371 1506 409 1564 ita
423 1504 632 1565 diversissimos
649 1513 751 1564 ventos
766 1503 852 1562 alium
872 1502 928 1563 alio
945 1502 1034 1563 latere
1050 1501 1154 1579 frangit

149 1598 179 1648 et
195 1590 264 1648 linit.
286 1587 364 1648 llaec
380 1588 536 1648 iucunditas
552 1591 613 1647 eius
629 1587 734 1666 hieme,
750 1589 838 1646 maior
853 1596 973 1646 aestate.
1001 1585 1072 1645 Nam
1087 1595 1196 1654 ante18

148 1672 293 1731 meridiem
314 1682 445 1750 xystum,
472 1681 539 1752 post
558 1672 703 1732 meridiem
725 1672 893 1749 gestationis
908 1670 1041 1749 hortique
1057 1670 1152 1747 proxi-

148 1773 220 1816 mam
235 1765 344 1834 partem
359 1757 456 1816 umbra
473 1774 523 1815 sua
538 1765 693 1835 temperat,
716 1774 805 1834 quae,
822 1765 852 1814 ut
867 1753 929 1814 dies
946 1756 1036 1814 crevit
1052 1753 1153 1812 decre·

148 1840 243 1918 vitve,
270 1840 355 1899 modo
376 1841 492 1900 brevior
513 1841 597 1900 modo
621 1841 736 1917 longior
756 1839 810 1899 hac
829 1836 877 1897 vel
900 1837 949 1897 illa
970 1837 1053 1899 cadit.
1086 1836 1152 1914 lpsa
1163 1850 1195 1903 19

104 1940 218 1996 were
231 1925 461 2002 cryptoporticus
475 1934 533 1982 tum
543 1925 661 1983 maxime
677 1933 754 1983 caret
769 1921 843 1999 sole,
861 1940 924 1980 cum
938 1922 1152 1981 ardentissimus

149 2006 264 2066 culmini
282 2009 343 2065 eius
358 2008 471 2065 insistit.
499 2006 544 2065 Ad
559 2006 615 2065 hcc
632 2008 793 2084 patentibus
808 2006 944 2064 fenestris
959 2005 1090 2063 favonios
1106 2022 1152 2063 ac·

149 2092 220 2166 cipit
235 2091 452 2164 transmittitque
467 2107 522 2146 nec
540 2106 671 2166 umquam
686 2096 754 2148 aere
772 2091 855 2165 pigro
871 2098 900 2146 et
916 2097 1045 2145 manente
1060 2089 1154 2162 ingra-

148 2172 254 2230 vescit.
286 2168 432 2248 incapite
455 2172 530 2244 xysti
551 2171 689 2246 deinceps
713 2172 945 2248 cryptoporticus
966 2170 1041 2227 horti
1063 2169 1152 2226 diaeta
1162 2181 1197 2232 20
1220 2167 1224 2172 ’

150 2264 207 2333 est,
226 2271 338 2313 amores
351 2255 420 2320 mei;
436 2272 468 2312 re
483 2271 552 2312 vera
567 2270 694 2312 amores:
710 2253 773 2330 ipse
787 2253 883 2330 posui.
911 2251 943 2309 ln
957 2251 1011 2308 hac
1025 2249 1153 2308 helioca-

107 2341 240 2411 25minus
258 2336 372 2416 quidem
386 2337 438 2397 alia
452 2346 564 2412 xystum
579 2335 632 2397 alia
650 2354 725 2395 mare
741 2345 858 2413 utraque
874 2333 976 2410 solem,
994 2330 1155 2392 cubiculum

150 2431 245 2481 autem
256 2420 346 2480 valvis
361 2422 615 2499 cryptoporticum,
632 2420 756 2479 fenestra
770 2419 911 2497 prospicit
926 2435 1013 2476 mare.
1049 2411 1154 2474 Contra
1164 2426 1198 2478 21

125 2508 128 2514 “
151 2508 288 2584 parietem
309 2505 431 2566 medium
456 2504 576 2564 zotheca
597 2521 733 2583 perquam
756 2503 905 2580 eleganter
923 2501 1051 2577 recedit,
1080 2516 1154 2576 quae

152 2587 349 2668 specularibus
366 2599 395 2650 et
409 2588 483 2648 velis
500 2588 631 2648 obductis
652 2587 815 2646 reductisve
836 2585 921 2645 modo
942 2584 1063 2644 adicitur
1076 2583 1155 2641 cubi·

154 2672 219 2731 culo
237 2673 322 2733 modo
343 2673 477 2733 aufertur.
509 2671 626 2732 Lectum
641 2680 669 2731 et
687 2671 754 2730 duas
768 2669 917 2730 cathedras
934 2671 1024 2746 capit:
1044 2664 1155 2744 apedi-

109 2756 207 2826 sobus
223 2773 316 2835 mare,
335 2765 450 2833 atergo
467 2753 569 2832 villae,
590 2774 605 2815 a
629 2756 721 2832 capite
738 2754 842 2813 silvae:
864 2762 905 2812 tot
921 2752 1010 2811 facies
1024 2751 1155 2809 locorum

155 2841 272 2900 totidem
286 2839 421 2899 fenestris
443 2847 472 2897 et
492 2839 637 2915 distinguit
653 2847 681 2896 et
696 2839 808 2897 miscet.
837 2837 964 2896 iunctum
978 2843 1023 2893 est
1039 2833 1153 2892 cubicu-
1163 2836 1198 2889 Ὦ

153 2923 212 2981 lum
225 2924 318 2983 noctis
337 2931 365 2983 et
383 2922 484 2983 somni.
503 2920 566 2980 Non
587 2921 656 2980 illud
677 2938 766 2980 voces
783 2919 978 2995 servolorum,
1001 2936 1057 2978 non
1070 2917 1154 2975 maris

153 3024 292 3083 murmur,
314 3024 371 3065 nou
385 3014 584 3082 tempestatum
600 3014 712 3081 motus,
730 3021 786 3063 non
801 3002 943 3081 fulgurum
957 3002 1052 3060 lumen
1070 3017 1103 3058 ac
1118 3018 1154 3059 ne

154 3090 230 3149 diem
243 3089 355 3168 quidem
375 3091 476 3166 sentit,
498 3090 551 3147 nisi
567 3088 701 3148 fenestris
716 3089 833 3166 apertis.
865 3086 932 3145 'lam
952 3085 1000 3145 alti
1012 3083 1155 3158 abditique

110 3182 146 3236 35
154 3175 262 3232 secreti
284 3172 332 3234 illa
355 3174 445 3249 ratio,
468 3171 543 3249 qued
562 3172 733 3232 interiacens
751 3169 856 3230 andron
871 3169 1009 3247 parietem
1031 3161 1155 3224 cubiculi

154 3256 287 3334 hortique
298 3256 444 3334 distinguit
458 3265 542 3334 atque
553 3257 591 3315 ita
602 3272 712 3314 omnem
726 3270 824 3312 sonum
835 3251 925 3309 media
938 3249 1070 3310 inanitate
1087 3261 1155 3304 con·

155 3341 249 3400 sumit.
271 3339 444 3418 Adplicitum
455 3349 499 3399 est
512 3337 643 3398 cubiculo
654 3339 854 3414 hypocauston
865 3332 1063 3411 perexiguum,
1079 3327 1198 3407 quodss

155 3431 274 3503 augusta
288 3424 413 3483 fenestra
425 3425 602 3502 suppositum
615 3420 751 3495 calorem,
766 3427 796 3476 ut
808 3416 879 3475 ratio
892 3415 991 3493 exigit,
1008 3422 1055 3474 aut
1067 3413 1144 3472 elfun

1132 3694 1254 3864 s
