2588 4116
123 220 184 283 ‘282
552 217 586 280 G.
605 216 702 278 PLlNl
1190 39 1208 405 x

124 376 264 435 timentur.
291 370 376 431 'lnam
393 372 574 431 securitatem
590 386 645 428 non
660 385 737 427 mora
750 369 926 445 nuntiorum,
951 385 1009 428 non
1026 369 1129 430 littera·
1202 426 1208 441 ,

123 476 184 517 ιιιιιι
201 456 316 517 tarditas
328 454 430 514 dillort.
451 454 516 514 Scis
532 454 583 513 tibi
597 453 702 531 ubique
718 453 817 528 iurari,
834 468 898 509 cum
914 454 979 531 ipse
992 454 1128 515 iuraveris
1204 478 1209 533 p

124 541 264 601 omnibus.
297 538 388 599 Nemo
408 539 463 597 lroc
478 538 531 598 sibi
546 554 602 597 non
618 543 750 613 praestat.
782 534 914 595 Amamus
929 534 1045 614 quidem
1059 546 1089 597 te
1104 539 1129 597 in

125 634 257 703 qnantum
271 624 404 689 moreris;
422 621 495 681 istud
505 631 595 680 tamen
607 638 663 679 nou
674 622 713 678 tui
726 618 843 679 iacimus
857 636 953 679 amore
965 619 1019 680 sed
1029 623 1129 698 nostri,

124 726 179 767 nec
199 724 327 785 umquam
348 704 506 765 inlucescat
530 705 591 764 dies
613 720 669 781 quo
692 719 745 780 pro
766 712 796 762 te
819 712 966 780 nuncupet
985 713 1054 763 vota
1075 717 1151 767 noui

124 790 229 851 utilitas
245 799 341 849 nostra
350 788 402 848 sed
413 788 494 864 fides,
508 786 622 847 Cacsar.
641 785 742 864 Turpis
755 785 843 846 tutela
855 787 992 865 principis
1006 791 1053 847 cui
1068 798 1129 867 pot·
1210 834 1212 839 .

125 884 170 935 cst
188 874 316 952 inputari.
346 870 434 945 Queri
455 870 525 931 libet
541 871 617 950 quod
637 872 664 929 in
679 879 792 929 secreta
806 879 902 929 nostra
917 887 974 929 non
990 872 1129 950 inquirant

123 958 268 1035 principos
285 957 337 1015 uisi
353 972 424 1031 quos
440 954 559 1013 odimus.
581 953 652 1013 Nam
664 955 687 1013 si
700 953 798 1013 eadem
811 971 877 1013 cura
889 954 972 1012 bonis
987 972 1060 1033 quae
1075 974 1130 1015 ma·

123 1040 158 1101 lis
174 1047 264 1115 esset,
281 1056 363 1115 quam
379 1038 483 1114 ubique
499 1037 709 1097 admirationem
726 1039 776 1113 tui,
793 1036 868 1114 quod
882 1037 1015 1113 gaudium
1023 1037 1130 1098 exulta·
1210 1060 1212 1067 ·

122 1124 286 1199 tionemque
304 1120 550 1199 deprehenderes!
567 1138 638 1198 quos
655 1122 776 1180 omnium
789 1138 852 1180 cum
865 1121 1035 1197 coniugibus
1049 1140 1082 1181 ac
1097 1123 1128 1181 li·
1139 1134 1168 1185 ltt

126 1206 216 1281 beris,
226 1222 298 1281 quos
307 1205 389 1263 ctiam
398 1222 460 1263 cum
470 1203 635 1265 domesticis
647 1205 702 1264 aris
713 1202 843 1282 iocisque
854 1204 1015 1264 sermones!
1032 1205 1129 1266 Scires

125 1289 299 1349 mollissimis
316 1290 376 1347 istis
391 1289 504 1349 auribus
517 1291 603 1367 parci.
626 1286 664 1346 Et
674 1287 779 1365 alioqui
792 1305 855 1345 cum
867 1288 921 1347 sint
934 1288 1030 1347 odium
1041 1307 1130 1348 amor·

125 1390 180 1451 quc
197 1373 351 1447 contraria,
368 1371 424 1431 lroo
436 1390 572 1450 perquam
584 1371 675 1432 simile
688 1371 791 1431 liabent
803 1370 878 1448 quod
890 1371 928 1429 ibi
940 1372 1130 1451 intemperan-

72 1454 114 1519 69
126 1458 180 1517 tius
196 1472 318 1515 auronius
332 1456 425 1515 bonos
440 1457 602 1534 principes,
623 1455 670 1514 ubi
688 1454 804 1514 liberius
819 1453 908 1514 malos
925 1453 1046 1515 odimus.
1076 1454 1130 1516 Ce-

125 1541 192 1618 pisti
214 1548 306 1598 tanren
325 1548 354 1598 et
369 1538 498 1599 adiectus
514 1542 602 1599 nostri
618 1548 647 1599 et
664 1538 759 1597 indicii
776 1539 1018 1616 experimentum,
1042 1550 1165 1617 quau-15

124 1633 183 1683 turn
199 1624 347 1681 maximum
359 1640 497 1700 praesens
515 1639 619 1699 capere
638 1623 771 1701 potuisti,
788 1620 839 1680 illo
853 1621 899 1680 die
916 1638 974 1699 quo
990 1621 1128 1682 sollicitu-

125 1706 181 1767 dini
205 1706 362 1784 pudorique
378 1706 587 1765 candidatorum
603 1708 640 1765 ita
658 1704 826 1765 consuluisti
841 1723 878 1764 ne
893 1704 980 1764 ullius
996 1706 1128 1782 gandium

64 1796 72 1811 '
124 1789 241 1849 ulterius
257 1790 367 1849 tristitia
381 1790 514 1851 turbaret.
536 1787 593 1848 Alii
609 1806 672 1848 cnm
684 1788 801 1863 laetitia,
817 1786 863 1846 alii
881 1805 944 1846 curn
961 1806 1014 1866 spe
1027 1807 1126 1849 reces-

125 1880 237 1933 serunt:
256 1872 349 1933 multis
365 1872 576 1951 gratulandum,
591 1888 674 1932 nemo
689 1870 879 1933 consolandus
895 1871 957 1930 luit.
986 1869 1046 1932 Nec
1060 1871 1125 1931 ideo

124 1958 241 2031 segnius
257 1956 375 2017 iuvenes
388 1966 502 2017 nostros
517 1956 679 2015 exhortatus
692 1975 724 2015 es
736 1963 864 2014 senatum
875 1956 1066 2033 circumirent,
1081 1973 1125 2014 se·
1134 1965 1166 2017 20

124 2041 199 2099 natui
215 2039 425 2117 supplicarent,
448 2050 533 2119 atque
549 2042 587 2098 ita
602 2058 617 2098 a
633 2041 761 2117 principe
777 2048 925 2115 sperarent
941 2039 1083 2116 honores,
1103 2041 1127 2099 si

124 2132 254 2183 asenatu
271 2126 422 2201 petissent.
442 2123 506 2196 Quo
521 2123 634 2202 quidem
648 2126 676 2182 in
688 2122 772 2200 loco,
789 2124 813 2182 si
830 2122 931 2199 quibus
942 2137 1018 2199 opus
1035 2141 1127 2183 exem·

124 2205 192 2284 plo,
209 2206 339 2267 adiecisti
355 2218 384 2267 ut
399 2218 427 2269 te
443 2210 623 2268 imitarentur.
652 2206 795 2282 Arduum,
819 2204 943 2283 Caesar,
967 2206 1129 2285 exemplum

124 2299 153 2349 ct
176 2289 253 2368 quod
275 2291 374 2350 imitari
395 2309 449 2350 non
464 2293 552 2367 magis
568 2292 713 2369 quisquam
729 2288 935 2348 candidatorum
953 2307 1037 2367 quam
1054 2291 1129 2368 priu-

124 2374 218 2450 cipum
232 2376 333 2451 possit.
357 2373 426 2446 Quis
440 2375 514 2433 enim
525 2374 572 2433 vel
588 2391 643 2433 uno
658 2373 704 2433 die
716 2375 893 2433 reverentior
906 2381 1020 2432 senatus
1034 2373 1167 2435 candi-bi

122 2454 204 2517 datus
221 2474 301 2534 qrranr
316 2466 365 2534 tu,
382 2476 443 2517 cum
460 2459 533 2515 omni
548 2459 605 2516 vita
623 2466 680 2516 tum
694 2455 744 2514 illo
760 2459 824 2534 ipso
840 2465 969 2535 tempore
984 2473 1041 2533 quo
1056 2455 1129 2515 iudi·

123 2555 171 2597 cas
187 2537 222 2596 de
239 2538 415 2599 candidatis?
434 2540 479 2598 Au
494 2539 568 2598 aliud
585 2557 600 2598 a
616 2548 643 2597 te
659 2556 739 2615 quam
754 2549 869 2600 senatus
881 2541 1042 2600 reverentia
1054 2540 1129 2599 obti-

120 2621 179 2679 nuit
200 2629 230 2678 ut
251 2622 400 2679 iuvenibus
418 2620 589 2680 clarissimae
605 2623 699 2698 gentis
715 2621 841 2682 debitum
857 2625 956 2701 generi
977 2622 1128 2700 honorem,

121 2702 249 2763 sedante
266 2719 347 2777 quam
363 2703 532 2780 deberetur,
549 2702 690 2765 offerres?
710 2704 833 2767 Tandem
846 2724 916 2784 ergo
928 2706 1062 2767 nobilitas
1073 2725 1130 2767 non

122 2786 307 2861 obscuratur,
324 2785 376 2845 sed
394 2786 556 2848 inlustratur
570 2807 586 2848 a
601 2790 747 2868 principe:
764 2790 875 2850 taudem
890 2789 955 2850 illos
972 2790 1166 2867 ingentiumbtt

120 2870 243 2928 virorum
255 2878 394 2947 nepotes,
411 2870 476 2930 illos
489 2883 623 2950 posteros
636 2873 773 2935 libertatis
788 2893 842 2934 nec
854 2883 942 2933 terret
955 2871 1063 2933 Caesar
1074 2891 1129 2934 uec

106 2962 221 3031 ·paret;
248 2955 315 3031 quin
338 2955 422 3013 immo
443 2955 582 3016 festinatis
602 2958 757 3018 honoribus
773 2957 925 3037 amplilicat
939 2965 1026 3033 atque
1042 2966 1130 3033 auget

120 3045 150 3096 et
170 3037 320 3098 maioribus
342 3041 402 3099 suis
423 3039 524 3100 reddit.
557 3042 587 3100 Si
605 3041 672 3119 quid
686 3059 803 3119 usquam
819 3043 915 3117 stirpis
930 3042 1081 3118 antiquae,
1105 3041 1128 3100 si

120 3119 186 3198 quid
201 3121 332 3182 residuae
349 3124 502 3201 claritatis,
526 3124 582 3184 hoc
597 3123 776 3203 amplexatur
789 3132 818 3183 et
834 3123 946 3184 refovet
965 3132 994 3182 et
1008 3125 1035 3181 in
1047 3141 1130 3183 usum

118 3206 161 3264 rai
176 3205 309 3284 publicae
325 3210 438 3284 promit.
467 3207 538 3267 Sunt
553 3210 580 3267 in
595 3208 704 3267 honore
719 3207 859 3267 hominum
877 3216 906 3267 ct
918 3210 946 3265 in
962 3206 1072 3266 honore
1087 3207 1169 3268 labb

118 3305 180 3347 mae
196 3308 295 3366 magna
309 3293 419 3351 nomina
439 3309 476 3350 eu
491 3292 618 3351 tenebris
635 3291 785 3351 oblivionis
797 3290 970 3367 indulgentia
982 3288 1126 3368 Caesaris,

67 3367 109 3430 70
121 3372 201 3429 cuius
214 3370 271 3431 hoc
286 3383 330 3433 est
344 3383 373 3432 ut
386 3373 498 3434 nobiles
511 3383 540 3434 ct
554 3384 707 3435 conservet
716 3384 745 3434 et
755 3374 868 3434 alliciat.
885 3373 1049 3433 Praciuerat
1062 3390 1123 3450 pro

118 3452 227 3512 vinciae
241 3464 375 3530 quaestor
389 3475 459 3517 auus
475 3475 511 3516 ex
527 3457 691 3536 candidatis,
707 3459 791 3536 inque
802 3476 837 3517 ea
851 3459 973 3517 civitatis
988 3456 1115 3535 amplissr

16 3714 106 3768 ’1.
