2588 4116
575 218 607 278 C.
630 218 728 279 PLINI

611 370 688 431 XVI.

400 470 427 522 C.
447 467 573 520 PLINIUS
591 469 775 520 IIAMILIANO
795 468 854 520 SUO
875 468 901 520 S.

124 609 139 660 1
215 592 356 653 Summam
375 601 404 652 te
425 589 598 668 voluptatem
621 589 792 666 percepisse
818 605 855 648 ex
873 588 929 649 isto
952 590 1160 666 copiosissimo
1215 590 1218 595 '

151 694 260 756 genere
282 674 401 736 venandi
421 690 478 733 non
503 674 607 748 miror,
634 690 697 732 cnm
720 671 920 732 historicorum
941 689 1022 732 more
1046 675 1182 746 scribasa

151 777 296 820 numerum
310 761 373 817 lniri
384 776 440 818 non
454 759 592 834 potuisse.
620 753 712 815 Nobis
726 757 823 815 venari
836 773 893 816 nec
907 765 990 815 vacat
999 774 1057 817 nec
1072 757 1158 818 libet:

151 862 208 904 non
223 852 316 918 vacat,
333 844 397 920 quia
412 841 569 901 vindemiae
583 841 612 899 iu
624 839 761 916 manibus,
777 838 926 916 nonlicet,
942 841 1007 917 quia
1020 843 1157 918 exiguae.

124 925 324 994 aDevehImus
349 934 441 985 tamen
463 941 516 1002 pro
536 940 611 982 novo
632 931 724 982 musto
747 939 838 982 novos
863 922 1024 984 versiculos
1046 925 1159 1004 tibique

150 1008 353 1069 iucundissime
372 1010 515 1086 exigenti,
534 1017 563 1067 ut
581 1008 700 1084 primunr
712 1005 883 1067 videbuntur
898 1007 1078 1086 defervisse,
1094 1011 1158 1070 mit·

149 1102 249 1153 temus.
283 1090 363 1152 Vale.
1165 1108 1197 1160 10

608 1221 697 1285 xvll.

421 1324 448 1374 c.
467 1323 591 1374 nunnus
608 1321 762 1373 cuunuoan
778 1321 837 1372 suo
858 1321 884 1377 s,

125 1464 141 1514 l
214 1443 328 1523 Recepi
353 1443 462 1504 litteras
488 1451 568 1517 tuas,
595 1442 696 1520 quibus
720 1443 848 1520 quereris
867 1439 963 1500 taedio
988 1440 1040 1502 tibi
1065 1442 1156 1503 luisse

152 1529 280 1606 quamvis
306 1528 487 1586 lautissimam
510 1543 625 1602 cenam,
650 1527 715 1603 quia
738 1543 854 1585 scurrae
880 1523 990 1583 cinaedi
1009 1527 1155 1586 moriones
1164 1537 1194 1590 lt

124 1612 255 1679 nmensIa
270 1609 440 1669 inerrabant.
470 1607 521 1666 Vis
536 1618 565 1669 tn
578 1611 721 1668 remittere
736 1607 841 1688 aliquid
856 1626 892 1668 ex
906 1605 1006 1685 rugis?
1022 1609 1156 1688 equidem

150 1693 218 1752 nihil
235 1692 292 1751 tale
307 1692 418 1768 liabeo,
434 1691 573 1750 habentes
588 1701 682 1751 tamen
702 1691 776 1751 fero.
809 1690 867 1750 Cur
884 1709 954 1768 ergo
967 1709 1024 1752 non
1039 1690 1155 1753 habeo?

151 1777 215 1852 quia
228 1792 406 1853 nequaquam
421 1791 466 1832 me
483 1784 513 1832 ut
530 1776 757 1853 inexspectatum
774 1775 945 1835 festivumve
962 1774 1103 1853 delectat,
1131 1777 1155 1836 si

151 1857 217 1935 quid
237 1857 357 1916 mellea
379 1855 514 1933 ciuaedo,
536 1857 667 1935 petulans
687 1877 704 1917 a
726 1876 840 1935 scurra,
865 1858 979 1919 stultum
993 1876 1010 1918 a
1024 1861 1155 1919 morione
1232 1888 1235 1897 ·

123 1940 302 2018 3proIertur.
342 1938 407 1999 Non
426 1942 564 2015 rationem
585 1942 636 2002 sed
659 1942 834 2002 stomachum
854 1943 904 2003 tibi
924 1930 1017 2002 narro.
1050 1943 1195 2021 Adqneao
1232 1918 1236 2009 I

151 2024 225 2083 adeo
240 2041 322 2102 qnam
336 2024 440 2084 multos
455 2034 537 2101 putas
554 2043 638 2103 esse,
660 2043 732 2104 quos
749 2045 783 2086 ea
799 2027 900 2104 quibus
916 2043 972 2103 ego
988 2035 1017 2085 et
1031 2035 1063 2084 tn
1078 2027 1156 2104 capi·
1232 2058 1236 2093 ι

150 2126 211 2166 mur
226 2114 255 2168 et
270 2109 398 2169 ducimur
417 2107 517 2185 partim
533 2117 562 2168 ut
576 2111 672 2188 inepta
686 2112 786 2187 partim
801 2121 831 2170 ut
849 2109 1050 2170 molestissima
1064 2109 1154 2169 olien-
1226 2106 1231 2111 ’

150 2189 236 2252 dant?
265 2192 355 2265 Quam
376 2191 472 2268 multi,
494 2211 558 2251 curn
579 2192 673 2254 lector
687 2202 734 2251 aut
748 2193 862 2267 lyristes
877 2202 924 2251 aut
942 2193 1099 2254 comoedus
1114 2195 1156 2252 in·

150 2274 252 2336 ductus
274 2287 337 2355 est,
360 2276 476 2335 calceos
497 2287 636 2353 poscunt,
663 2286 709 2335 aut
724 2293 780 2333 non
795 2276 902 2333 minore
918 2292 981 2331 cum
997 2277 1094 2336 taedio
1110 2294 1156 2335 re·

150 2357 264 2434 cubant,
287 2378 368 2436 quam
391 2370 422 2418 tu
443 2360 496 2418 ista
518 2358 576 2435 (sic
597 2360 671 2417 enim
690 2355 834 2433 appellas)
849 2354 979 2431 prodigia
992 2370 1193 2432 perpessuras

122 2435 205 2501 les?
233 2439 342 2499 Demus
363 2443 449 2517 igitur
469 2439 569 2498 alienIs
592 2437 827 2497 oblectationibus
841 2437 967 2513 veniam,
994 2446 1025 2495 ut
1045 2445 1156 2504 nostris

147 2520 334 2592 lnpetremus.
367 2521 449 2580 Vale.

595 2649 700 2710 XVIII.

436 2748 463 2804 G.
482 2749 608 2801 PLINIUS
625 2750 742 2803 SABINO
761 2752 821 2804 SUO
841 2751 868 2806 S.
1159 2783 1192 2837 30

114 2856 137 2908 l'
153 2929 159 2942 .
206 2844 271 2918 Qua
286 2851 461 2932 intentione,
485 2873 543 2934 quo
560 2855 670 2935 studio,
692 2876 746 2936 qua
759 2857 881 2937 deniqne
896 2859 1030 2918 memoria
1044 2858 1152 2936 legeris

137 2926 261 3025 lpbellos
278 2951 362 2998 meos
387 2939 509 3018 epistula
529 2951 576 3002 tua
592 2941 724 3003 ostendit.
747 2941 815 3022 Ipse
829 2944 916 3019 igitur
932 2941 1053 3002 exhibes
1063 2960 1152 3020 nego·

137 3019 208 3069 trum
224 3015 297 3095 tibi,
322 3024 370 3099 qui
391 3022 473 3085 allois
496 3035 525 3086 et
545 3027 645 3087 invitas
666 3035 697 3086 ut
716 3025 930 3106 quamplurima
945 3027 1152 3086 communicare

107 3102 237 3193 ttecnm
257 3102 356 3166 velim.
389 3107 516 3181 Faciam;
538 3127 591 3188 per
611 3119 706 3189 partes
724 3120 816 3170 tamen
832 3119 861 3170 et
875 3111 955 3188 quasi
971 3110 1098 3187 dIgesta,
1115 3127 1152 3169 ne

130 3188 220 3240 astam
237 3185 335 3262 ipsam
349 3195 513 3254 memorIam
528 3195 573 3255 cui
589 3197 693 3271 gratias
707 3211 761 3270 ago
778 3193 943 3254 adsiduitate
959 3202 988 3252 et
1000 3195 1084 3271 copia
1094 3201 1193 3253 tur-35

126 3262 201 3321 bem
218 3283 432 3355 oneratamque
448 3288 477 3339 et
492 3281 571 3357 quasi
586 3295 755 3357 oppressam
770 3295 870 3357 cogam
884 3277 1012 3357 pluribus
1030 3275 1151 3354 singula,

122 3353 356 3419 posterioribus
374 3364 469 3440 priora
485 3363 633 3423 dimittere.
666 3361 747 3422 Vale.
