2588 4116
188 223 249 285 132
612 223 645 282 G.
667 222 764 283 PLlNl

164 379 289 440 tsimum
305 375 381 453 quod
395 376 513 435 maxims
533 375 640 452 funeri,
664 375 825 435 debebatur.
856 373 1006 436 Praeterea
1026 386 1103 438 tanto
1121 396 1188 439 con·

190 478 275 519 sensu
297 459 445 537 cogebaris
466 469 497 519 ut
518 477 624 536 negare
638 477 694 518 non
710 467 841 518 constans
858 458 908 518 sed
919 458 1020 518 durum
1033 461 1186 522 videretur.

188 542 262 603 Illud
277 560 392 620 qnoque
409 544 528 620 egregio
550 540 626 620 quod
642 550 696 600 tam
710 539 819 618 facilis,
841 549 898 600 tam
918 540 1044 603 liberalis
1057 546 1085 602 iu
1101 545 1187 605 eden·

161 627 225 691 3do
240 625 326 686 luisti.
349 625 419 686 Nam
433 645 487 706 per
502 626 572 685 baec
587 626 669 684 ctiam
684 642 802 701 magnus
813 626 920 683 animus
931 627 1096 686 ostenditur.
1119 627 1186 688 Vel·

188 708 245 771 lem
267 710 417 770 Africanae
440 728 510 787 quas
533 714 679 769 cotmeras
702 707 835 787 plurimas
857 707 891 767 ad
912 710 1088 787 praefinitum
1113 711 1208 773 dierum

189 794 395 854 occurrissent:
415 793 467 853 scd
489 792 557 852 licct
578 793 751 852 cessaverint
771 790 836 852 illae
858 799 1026 871 tempestate
1042 790 1184 873 detentae,

188 885 217 935 tu
237 886 328 936 tamen
348 877 474 936 meruisti
493 884 524 935 ut
538 885 687 954 acceptum
701 877 750 935 tibi
766 877 845 936 lieret
861 876 937 954 quod
952 875 1007 954 quo
1029 880 1119 938 minus
1137 898 1184 938 ex-

187 960 301 1019 hiberes
317 976 374 1019 non
388 978 442 1038 per
456 969 485 1019 te
498 962 585 1019 stetit.
618 958 697 1020 Vale.

591 1153 793 1161 —-
1194 1142 1226 1194 ro

412 1307 446 1388 o.
476 1305 584 1387 mm
613 1302 968 1385 conclusionum

308 1464 1061 1578 lllllllllltllll
1195 1553 1223 1602 a

537 1654 634 1707 LIBER
656 1654 834 1710 SEPTIMUS.

672 1810 693 1870 1.

471 1907 498 1958 c.
518 1908 642 1960 coluros
658 1906 779 1958 osurruo
797 1907 855 1959 suo
875 1909 900 1959 s.

161 2037 175 2087 1
245 2021 346 2083 'lerret
366 2041 410 2082 me
431 2023 502 2084 haec
518 2033 565 2086 tua
585 2036 641 2086 tam
656 2023 785 2105 pertinax
799 2025 947 2103 valetudo,
968 2034 997 2085 et
1020 1971 1225 2106 quamquam20

187 2115 215 2165 te
229 2109 514 2186 temperantissimum
527 2112 670 2189 noverim,
692 2128 796 2171 vereor
809 2119 901 2171 tamen
914 2128 950 2169 ne
966 2109 1032 2187 quid
1046 2110 1086 2169 illi
1101 2113 1184 2169 etiam

160 2191 213 2253 tin
228 2208 322 2252 mores
338 2201 402 2253 tuos
417 2192 511 2254 liccat.
544 2194 663 2255 Pnoinde
685 2212 786 2255 moneo
803 2196 943 2273 patienter
963 2195 1094 2253 resistas:
1127 2194 1184 2252 boc

185 2272 343 2354 laudabile,
360 2277 415 2336 boc
431 2276 561 2337 salutare.
594 2278 720 2338 Admittit
734 2279 852 2336 humano
865 2285 960 2333 natura
976 2275 1050 2350 quod
1065 2277 1182 2335 suadeo.

162 2357 253 2436 'dlpsc
276 2370 355 2420 certe
376 2363 418 2419 sic
439 2378 525 2436 agere
545 2378 629 2419 sanus
651 2377 713 2417 cum
730 2360 801 2415 meis
817 2357 915 2415 soleo:
942 2361 1039 2429 ‘spero
1056 2356 1179 2431 quidem,
1192 2383 1226 2433 25

185 2445 209 2502 si
225 2442 299 2500 iorte
314 2445 342 2500 in
357 2442 502 2500 adversam
523 2439 710 2500 valetudinem
730 2438 874 2513 incidero,
892 2435 958 2494 nihil
974 2453 1018 2495 me
1035 2435 1179 2497 desidera·

183 2535 274 2583 turum
288 2522 335 2581 vel
351 2522 459 2599 pudore
471 2522 518 2581 vel
532 2521 702 2598 poenitentia
716 2518 842 2595 dignum:
858 2521 882 2578 si
896 2529 989 2579 tamen
1004 2523 1182 2598 superaverit

183 2604 308 2680 morbus,
323 2603 454 2662 denuntio
466 2621 501 2661 ne
513 2603 580 2682 quid
590 2603 655 2661 milri
668 2601 742 2661 detis
753 2601 806 2662 nisi
815 2604 1041 2681 permittentibus
1051 2604 1179 2682 medicis,

184 2687 348 2765 sciatisque,
362 2688 386 2745 si
400 2684 552 2764 dederitis,
568 2687 604 2745 ita
618 2685 820 2746 vindicaturum
839 2696 869 2746 ut
884 2686 977 2747 solent
989 2688 1036 2747 alii
1048 2706 1119 2767 quae
1131 2707 1180 2748 ne-

158 2774 305 2845 agantur!
329 2767 401 2841 Quin
416 2769 499 2828 etiam
514 2788 577 2830 cum
594 2780 726 2847 pemstus
741 2771 934 2833 ardentissima
949 2772 1047 2850 lehre,
1070 2772 1224 2846 tandcm30

181 2854 317 2911 remissus
344 2860 502 2930 unctusque
524 2856 687 2933 acciperem
708 2873 724 2914 a
746 2855 857 2916 medico
879 2858 1039 2936 potionem,
1066 2860 1181 2934 porrexi

182 2953 291 2993 manum
309 2946 396 3013 utque
417 2945 546 3013 tangeret
566 2938 639 3016 dixi,
661 2939 858 3018 admotumque
879 2943 932 2999 iam
947 2939 1032 3001 labris
1048 2940 1181 3016 poculum

159 3019 300 3082 5reddidi.
335 3018 438 3080 Postea
458 3039 520 3080 cum
541 3024 697 3083 vicensimo
718 3023 883 3085 valetudinis
905 3024 950 3083 die
973 3023 1083 3084 balineo
1100 3042 1180 3102 prae·

181 3122 299 3183 pararer
313 3113 530 3184 mussantesque
546 3106 673 3167 medicos
688 3118 807 3186 repente
828 3107 978 3184 vidissem,
1001 3126 1113 3167 causam
1135 3127 1180 3167 re-

182 3191 292 3266 quisivi.
312 3189 532 3270 Responderunt
545 3208 633 3270 posse
647 3209 692 3251 me
703 3201 763 3252 tuto
775 3192 872 3269 lavari,
889 3209 945 3250 non
960 3202 1052 3251 tamen
1068 3194 1178 3258 omnino
1188 3202 1221 3255 35

158 3274 244 3334 tsine
264 3272 356 3353 aliqua
377 3275 544 3354 suspitione.
579 3274 677 3349 ‘Quid'
699 3278 810 3354 iuquam
832 3282 967 3336 ‘necesse
990 3274 1073 3336 est‘l'
1095 3285 1179 3354 atque

182 3357 218 3413 ita
233 3373 285 3433 spe
302 3358 422 3435 balinei,
445 3361 489 3418 cui
505 3361 558 3419 iam
571 3359 688 3419 videbar
701 3359 815 3435 inferri,
838 3358 948 3437 placide
964 3360 1122 3438 leuiterque
1139 3359 1179 3417 di-

182 3439 268 3498 missa
282 3439 316 3498 ad
332 3442 527 3502 abstinentiam
544 3462 652 3521 rursus,
669 3461 725 3502 non
740 3462 824 3503 secus
837 3461 870 3502 ac
885 3443 967 3502 modo
989 3444 1024 3503 ad
1041 3442 1180 3502 balineum

69 3740 176 3824 ἱ.
