2588 4116
291 235 555 298 EPISTULARUM
570 237 620 297 111.
645 245 686 300 13.
704 247 745 300 14.
760 250 801 301 15.
1007 240 1049 300 59

39 390 207 465 vimentpm,
224 397 254 449 ut
270 390 470 466 experirentur
484 407 518 448 arr
532 390 654 448 viveret.
678 386 742 466 llle,
759 391 820 449 sive
837 393 901 468 quia
915 410 972 452 non
983 411 1047 454 serr·

40 473 140 548 tiebat,
158 474 220 531 sive
235 473 299 551 quia
315 491 348 532 se
365 489 421 531 non
437 475 543 533 sentire
559 473 723 550 simulabat,
740 474 889 534 immobilis
905 484 934 534 et
949 485 1047 537 exten·

41 567 86 616 tus
109 555 193 614 fidem
216 567 349 635 peractae
368 559 467 616 mortis
489 556 624 635 implevit.
654 555 724 614 Tum
745 558 856 616 demum
871 561 951 637 quasi
966 570 1072 623 aestu3

41 639 154 699 solutus
175 639 307 716 effertur,
332 642 478 719 excipiunt
499 642 576 700 servi
600 639 762 717 lideliores,
786 642 962 701 concubinae
985 662 1047 703 cum

8 680 150 793 &ululatu
165 733 195 782 et
216 724 339 783 clamore
355 733 534 783 concurrunt.
563 721 605 783 lta
621 734 650 784 et
665 725 785 783 vocibus
801 727 942 785 excitatns
959 735 988 785 et
1003 746 1046 785 re·

41 816 154 867 creatus
175 805 233 867 loci
255 807 362 884 frigore
385 806 505 867 sublatis
520 806 612 867 oculis
628 810 792 886 agitatoque
810 822 932 888 corpore
947 812 1046 869 vivere

40 909 89 968 se,
114 900 143 950 et
165 893 219 951 iam
240 900 327 950 tutum
349 900 424 968 erat,
442 892 602 952 confitetur.
637 891 793 969 Didugiunt
809 896 885 952 servi
892 915 900 962 ;
927 902 1073 971 quemme

40 992 140 1052 magna
154 993 220 1054 pars
236 975 433 1054 conprehensa
448 986 509 1054 est,
533 977 623 1036 ceteri
643 979 830 1054 requiruntur.
862 977 929 1055 lpse
947 981 1044 1057 paneis

42 1057 142 1118 diebus
160 1077 248 1136 aegre
270 1058 402 1118 focilatus
424 1076 480 1119 non
501 1061 563 1119 sine
585 1059 698 1120 ultionis
721 1059 829 1142 solacio
845 1062 989 1138 decessit,
1007 1065 1045 1121 ita

42 1143 123 1201 virus
138 1143 296 1203 vindicatus
312 1151 341 1201 ut
357 1145 444 1203 occisi
465 1142 568 1204 solent.
599 1143 687 1204 Vides
710 1154 777 1222 quot
799 1145 953 1222 periculis,
976 1155 1071 1223 quote

42 1226 237 1301 contumeliis,
261 1237 330 1305 quot
346 1226 473 1286 ludibriis
489 1229 575 1286 simus
593 1228 723 1296 obnoxii;
746 1246 800 1286 nee
816 1228 953 1305 estquod
968 1233 1044 1306 quis·

41 1327 121 1387 quam
133 1312 229 1389 possit
240 1329 307 1372 asse
319 1328 457 1386 securus,
478 1312 542 1388 quia
557 1312 593 1369 sit
606 1313 742 1369 remissus
758 1319 787 1369 et
800 1313 890 1369 mitis:
904 1315 1046 1370 nonenim

38 1393 143 1453 iudicio
163 1393 268 1453 domini
282 1393 335 1454 sed
350 1393 464 1452 scelere
479 1394 660 1471 perimuntur.
691 1392 796 1452 Vemrn
810 1394 882 1453 haec
898 1394 1044 1455 haetenus.

39 1475 113 1550 Quid
127 1487 281 1557 praeterea
300 1479 387 1538 novi?
408 1474 496 1555 quid?
518 1476 599 1545 nihil;
622 1477 727 1555 alioqui
744 1478 959 1555 subiungerem:
983 1488 1072 1540 namd

39 1570 64 1620 et
80 1561 181 1621 charta
195 1561 286 1622 adhue
301 1571 434 1640 superest
449 1571 478 1621 et
494 1560 555 1621 dies
571 1561 687 1622 ieriatus
704 1565 807 1640 patitur
822 1561 902 1641 plura
920 1564 1042 1621 contexi.

36 1643 146 1706 liddam
160 1645 236 1723 quod
248 1655 408 1725 opportune
421 1646 457 1705 de
472 1644 574 1705 eodem
587 1644 744 1706 Macedone
753 1648 912 1707 succurrit.
930 1645 1001 1706 Cum
1016 1648 1044 1703 in

35 1729 157 1806 publico
173 1729 279 1790 Romae
293 1729 449 1805 lavaretur,
472 1728 604 1789 notabilis
621 1739 706 1807 atque
722 1733 821 1807 etiam,
837 1741 867 1790 ut
885 1733 977 1790 exitus
994 1730 1043 1788 do·

34 1815 112 1889 cuit,
142 1815 269 1874 ominosa
290 1833 337 1874 res
358 1813 470 1874 accidit.
504 1813 603 1891 Eques
625 1814 767 1874 Romanus
788 1833 804 1874 a
825 1830 911 1873 servo
934 1816 994 1873 eius
1013 1822 1068 1878 uti

32 1899 183 1957 transitum
203 1897 282 1958 daret
302 1915 384 1957 manu
405 1897 509 1956 leviter
528 1896 687 1956 admonitus
708 1901 849 1958 convertit
865 1918 897 1957 se
912 1916 967 1956 nec
982 1916 1042 1955 ser·

10 1984 139 2040 bruma
160 1997 217 2058 quo
239 1990 298 2040 erat
319 1989 428 2057 tactus,
451 1980 503 2039 sed
522 1982 615 2057 ipsum
633 1979 819 2040 Macedonem
841 1991 896 2040 tam
917 1982 1042 2056 graviter

28 2064 127 2143 palma
145 2067 289 2143 percussit
306 2073 336 2122 ut
356 2081 449 2140 paene
471 2061 648 2121 concideret.
681 2062 723 2121 lta
744 2063 884 2122 balineum
906 2062 947 2121 illi
963 2064 1070 2140 quasi8

10 2167 87 2226 ,per
108 2146 216 2226 gradus
237 2145 373 2224 quosdam
394 2146 513 2222 primum
528 2144 715 2203 contumeliae
729 2144 822 2220 loeus,
845 2144 946 2203 deinde
964 2147 1042 2202 exitii

26 2233 95 2292 luit.
125 2229 208 2290 Vale.

509 2360 571 2421 XV.

263 2462 291 2514 c.
308 2461 433 2513 surmus
450 2460 531 2511 snio
547 2459 695 2511 Pnocuno
712 2457 771 2509 suo
789 2457 815 2507 s,

98 2567 177 2627 Petis
197 2576 227 2626 ut
242 2565 357 2626 libellos
373 2576 437 2626 tuos
452 2567 480 2625 in
495 2582 616 2625 secessu
631 2564 743 2641 legam,
761 2562 918 2621 examinem
933 2577 967 2618 an
984 2558 1042 2618 edi·
1051 2572 1067 2624 1

31 2653 115 2712 tione
137 2652 193 2710 sint
215 2650 307 2726 digni,
331 2649 449 2710 adhibes
473 2667 594 2727 preces,
616 2648 733 2724 adlegas
756 2644 933 2722 exemplum;
954 2661 1040 2720 rogas

33 2737 111 2795 enim
127 2744 158 2793 ut
179 2732 283 2812 aliquid
304 2733 439 2793 subsicivi
454 2735 591 2812 temporis
607 2731 706 2791 studiis
721 2733 791 2789 meis
806 2728 982 2804 subtraham,
1001 2730 1040 2787 in·

11 2818 20 2891 l
35 2820 157 2897 partiam
173 2819 244 2894 tuis,
268 2816 356 2877 adicis
377 2816 414 2875 bi.
432 2815 552 2875 Tullium
567 2816 636 2875 mira
650 2815 822 2892 benignitate
837 2820 986 2892 poetarum
1000 2815 1040 2870 in·

30 2904 120 2980 genia
134 2901 253 2962 fovisse.
277 2900 336 2959 Sed
351 2919 408 2978 ego
422 2919 477 2959 nee
492 2898 635 2977 rogandus
651 2916 713 2959 sum
727 2917 782 2957 nec
793 2895 960 2957 hortandus:
976 2904 1066 2955 namu

32 2996 64 3046 et
80 2987 216 3063 poeticen
237 2986 327 3062 ipsam
347 2983 566 3061 religiosissime
581 3001 705 3043 veneror
719 2991 748 3042 et
763 2991 793 3041 tc
808 2980 983 3040 validissime
999 2979 1039 3038 di-

31 3069 104 3146 ligo.
137 3066 250 3127 Faciam
271 3085 342 3144 ergo
359 3067 434 3146 quod
451 3067 596 3126 desideras
611 3075 666 3126 tam
682 3066 836 3142 diligenter
851 3081 933 3143 quam
948 3063 1039 3120 liberr-

33 3161 88 3212 ter.
121 3150 230 3211 Videor
249 3161 344 3211 autem
365 3153 419 3209 iam
433 3169 508 3209 nunc
524 3167 613 3227 posse
627 3150 790 3210 rescribere
807 3166 873 3207 esse
889 3164 962 3223 opus
977 3143 1066 3221 pul-3

12 3235 135 3295 'schmm
155 3253 210 3294 nee
232 3233 479 3313 supprimendum,
508 3243 641 3311 quantum
666 3235 817 3292 aestimare
837 3231 916 3289 licuit
937 3245 975 3284 ex
995 3227 1039 3283 his

34 3337 108 3398 quae
122 3337 169 3378 me
186 3327 337 3396 praesente
352 3319 489 3392 recitasti,
506 3319 530 3376 si
545 3316 630 3376 modo
644 3317 711 3374 mihi
726 3333 782 3373 non
797 3313 923 3388 inposuit
937 3311 1039 3367 recita·

33 3405 74 3462 tio
95 3412 157 3462 tua:
178 3402 254 3480 legis
277 3403 351 3461 enim
373 3402 539 3460 suavissime
555 3409 584 3459 et
599 3399 779 3478 peritissime.
813 3393 931 3454 Conlido
947 3403 1039 3451 tamen

32 3501 79 3545 me
101 3503 158 3544 non
179 3488 222 3546 sic
242 3486 355 3545 auribus
379 3484 443 3544 duci
465 3494 495 3543 ut
518 3500 616 3543 omnes
637 3481 731 3541 aculei
751 3477 846 3538 iudicii
860 3480 915 3536 mei
930 3477 1040 3536 illarum
