2588 4116
158 230 218 292 142
583 225 617 286 ὓ.
639 225 736 286 PLlNl

156 381 234 459 quod
256 381 359 441 scribis
375 381 465 441 luisse
482 378 618 457 quosdam
640 380 688 455 qui
703 376 945 456 reprehenderent
965 377 1042 455 quod
1057 383 1159 441 oratio·

157 484 208 525 nes
226 467 338 523 omnino
356 467 519 531 recitarem;
544 463 598 522 nisi
619 479 690 522 vero
712 463 762 522 has
783 460 860 522 solas
877 477 934 518 non
948 471 1048 538 putant
1065 481 1158 524 emen·

133 548 273 610 3dandas.
301 548 327 606 A
342 548 443 625 quibus
458 545 583 606 libenter
598 547 778 623 requisierim
794 562 844 603 cur
860 544 1035 622 concedant,
1051 549 1077 606 si
1093 566 1158 608 con-

159 631 261 690 cedunt
276 639 377 708 tamen,
393 631 538 690 historiam
553 628 659 688 debere
674 630 799 706 recitari,
819 646 890 705 qnae
905 645 961 686 non
976 634 1158 692 ostentationi

158 714 210 774 sed
233 712 298 773 fidei
312 715 482 792 veritatique
499 714 692 790 componitur,
721 730 771 771 cur
790 712 980 790 tragoediam,
1010 731 1085 790 quae
1104 725 1180 776 nont

158 797 324 856 auditorium
339 796 391 857 sed
406 813 539 857 scaenam
551 804 580 855 ct
591 805 715 871 actores,
735 815 785 855 cur
796 794 895 873 lyrica,
912 813 985 873 qnae
997 814 1054 857 non
1066 796 1157 859 lecto-

158 899 218 939 rem
236 880 288 940 sed
308 879 425 939 cborurn
447 889 476 939 et
498 879 586 954 lyram
607 890 738 958 poscunt.
770 879 814 937 Ad
837 880 936 938 borum
958 882 1090 942 recitatio
1106 903 1157 943 usn

135 966 211 1025 liam
232 971 351 1040 recepta
375 972 429 1023 cst.
469 962 542 1021 Num
565 976 635 1040 er'go
656 963 812 1041 culpandus
836 973 880 1023 est
900 962 950 1022 ille
970 965 1018 1041 qui
1039 965 1157 1043 coepit?

159 1046 331 1124 Quamquam
349 1049 492 1107 orationes
508 1064 622 1125 qnoque
637 1056 666 1107 et
686 1049 774 1106 nostri
791 1047 901 1125 quidam
916 1056 945 1107 et
961 1045 1061 1107 Graeci
1077 1049 1157 1110 lecti·

135 1138 294 1193 atavorum.
316 1130 531 1208 Supervacuum
544 1139 635 1191 tamen
648 1141 692 1190 cst
702 1132 824 1191 recitare
837 1149 908 1208 qnae
920 1131 1034 1191 dixeris.
1054 1131 1155 1210 Etiam,
1165 1148 1190 1199 lo

159 1216 183 1272 si
199 1214 298 1272 eadem
313 1216 420 1292 omnia,
444 1215 469 1275 si
487 1214 578 1274 isdem
593 1215 740 1291 omnibus,
756 1218 781 1275 si
797 1217 890 1274 statim
904 1216 1024 1274 recites:
1047 1217 1156 1277 sivero

158 1295 244 1356 multa
258 1299 382 1374 inseras,
406 1297 494 1358 multa
515 1308 688 1375 commutes,
706 1300 731 1359 si
746 1297 882 1376 quosdam
895 1316 1005 1375 novos,
1022 1300 1156 1376 quosdam

160 1379 294 1459 eosdem,
316 1381 369 1442 sed
388 1391 455 1460 post
475 1393 589 1460 tempus
610 1382 756 1459 adsumas,
780 1400 830 1441 cnr
847 1384 935 1440 minus
950 1381 1106 1459 probabilis
1122 1387 1157 1444 sit

136 1476 244 1528 decusa
256 1464 394 1525 recitandi
411 1484 484 1544 quac
499 1465 604 1528 dixeris
619 1485 700 1544 quam
712 1464 834 1525 edendi?
860 1466 918 1524 Sed
936 1464 1052 1524 difficile
1068 1476 1157 1526 estut

159 1550 259 1624 oratio,
277 1548 343 1607 dum
357 1551 503 1627 recitatur,
517 1550 679 1611 satisfaciat.
701 1548 759 1609 lam
774 1549 830 1608 boc
846 1548 881 1608 ad
896 1547 1024 1609 laborem
1036 1552 1188 1612 recitas-lt

136 1633 196 1695 itis
216 1634 355 1709 pertinet,
380 1650 437 1692 non
457 1633 491 1692 ad
512 1635 648 1694 rationem
670 1651 726 1693 non
745 1633 890 1692 recitandi.
924 1632 987 1692 Nec
1001 1651 1071 1693 vero
1088 1652 1155 1712 ego,

160 1715 224 1773 dum
241 1719 348 1793 recito,
375 1717 496 1793 laudari,
523 1717 575 1776 sed
596 1717 659 1776 dum
679 1716 778 1794 legor,
806 1718 899 1794 cupio.
930 1714 1030 1794 ltaque
1052 1717 1157 1776 nullum

160 1799 325 1859 emendandi
352 1818 443 1876 genus
465 1802 571 1861 omitto.
611 1800 654 1861 Ac
681 1803 798 1877 primum
821 1818 894 1878 qnae
918 1801 1022 1878 scripsi
1046 1819 1156 1861 mecum

158 1883 220 1958 ipse
237 1892 394 1959 pertracto;
412 1883 514 1944 deinde
529 1884 639 1946 duobus
654 1893 700 1944 ant
716 1883 805 1944 tribus
821 1883 904 1961 lego;
919 1901 985 1943 mox
999 1883 1063 1946 aliis
1078 1885 1155 1944 trado

157 1965 311 2026 adnotanda
323 1976 462 2047 notasque
475 1985 583 2046 eorum,
599 1970 624 2029 si
634 1968 743 2046 dubito,
757 1984 820 2026 cum
831 1985 888 2028 uno
899 1985 997 2028 rursus
1010 1977 1056 2027 aut
1065 1968 1154 2027 altero
1163 1986 1193 2036 20

158 2052 285 2126 pensito;
312 2053 466 2112 novissime
486 2052 617 2129 pluribus
637 2055 746 2130 recito,
771 2070 804 2111 nc
832 2053 855 2112 si
875 2052 941 2129 quid
961 2051 1027 2110 milri
1051 2051 1155 2128 credis,

133 2144 226 2198 istunc
240 2137 377 2196 acerrime
395 2136 525 2196 emendo.
558 2137 629 2196 Nam
651 2147 727 2199 tanto
745 2136 908 2213 diligentius
926 2145 1029 2213 quanto
1050 2133 1156 2194 sollici·

158 2221 213 2279 tius
230 2220 354 2279 intendo.
382 2219 495 2298 Optime
516 2230 609 2281 autern
625 2222 785 2281 reverentia
799 2220 891 2296 pudor
907 2228 999 2279 metus
1020 2218 1156 2285 iudicant;

157 2303 242 2380 idque
255 2303 326 2363 adeo
343 2305 385 2365 sic
399 2304 481 2364 habe.
504 2304 615 2381 Nonne,
633 2306 657 2363 si
668 2304 813 2362 locuturus
829 2318 861 2357 es
877 2317 940 2357 cum
954 2300 1049 2376 aliquo
1063 2320 1157 2380 quam-

158 2385 228 2445 libet
244 2386 342 2464 dccto,
359 2405 415 2446 uno
431 2397 534 2462 tamen,
550 2389 640 2444 minus
656 2381 852 2453 commoreris,
870 2381 990 2453 quamsi
1006 2399 1072 2440 eum
1087 2385 1192 2444 mul-us

134 2471 195 2533 otis
210 2468 258 2528 vel
274 2467 417 2530 indoctis?
438 2469 547 2542 Nonne,
565 2483 627 2524 com
641 2465 733 2537 surgis
745 2460 779 2518 ad
790 2459 940 2536 agendum,
958 2468 1023 2519 tunc
1036 2470 1159 2529 maxime

158 2551 208 2608 tibi
224 2554 287 2627 ipse
303 2551 424 2626 diffidis,
441 2561 508 2610 tunc
525 2553 705 2618 commutata,
723 2559 779 2602 non
797 2541 862 2602 dico
878 2543 1012 2622 plurima,
1032 2547 1085 2606 sed
1099 2569 1159 2610 nm·

155 2633 200 2690 nia
215 2630 317 2710 cupis?
332 2635 428 2709 ntique
444 2634 469 2692 si
483 2630 565 2689 latior
576 2643 678 2688 scaena
689 2635 719 2685 et
731 2642 836 2687 corona
847 2625 991 2698 diffusior;
1006 2648 1070 2689 nam
1087 2633 1157 2695 illos

115 2729 147 2780 10
156 2731 270 2792 quoque
282 2714 411 2775 sordidos
423 2712 603 2792 pullatosque
614 2728 786 2771 reveremur.
806 2711 919 2789 Nonne,
932 2714 957 2774 si
969 2716 1057 2792 prima
1069 2735 1156 2794 quae-

156 2813 212 2874 que
225 2797 368 2874 inprobari
385 2807 482 2874 potas,
501 2793 653 2854 debilitaris
670 2804 699 2856 et
716 2795 864 2857 concidis?
885 2796 1008 2874 Opinor,
1037 2802 1103 2877 quia
1128 2804 1155 2859 in
1163 2816 1196 2868 30

155 2896 272 2939 numero
293 2882 356 2958 ipso
381 2888 426 2940 est
446 2877 584 2957 quoddam
611 2897 741 2956 magnum
766 2881 963 2958 conlatumque
990 2883 1153 2962 consilium,

113 2978 145 3028 11
156 2962 315 3042 quibusque
337 2961 459 3039 singulis
477 2964 574 3023 iudicii
594 2981 707 3042 parum,
723 2965 853 3026 omnibus
869 2964 1025 3044 plurimum.
1054 2965 1154 3046 ltaque

68 3095 75 3104 .
154 3046 325 3125 Pomponius
336 3046 485 3107 Secundus
501 3047 699 3128 (hicscriptor
712 3049 946 3127 tragoediarum),
962 3052 987 3110 si
999 3051 1066 3128 quid
1077 3050 1153 3111 forte

153 3129 315 3192 familiarior
334 3132 440 3192 amicos
464 3131 636 3210 tollendum,
665 3135 728 3211 ipse
757 3133 934 3194 retinendum
958 3134 1152 3210 arbitraretur,

155 3216 250 3275 dicere
269 3213 381 3275 solebat
397 3215 443 3275 ‘ad
460 3215 595 3294 populum
611 3224 769 3296 provoco’,
786 3227 872 3295 atque
886 3220 923 3276 ita
939 3236 976 3276 ex
991 3217 1090 3294 populi
1105 3218 1153 3276 vel
1161 3227 1193 3280 35

154 3299 265 3358 silentio
281 3297 329 3357 vel
342 3298 464 3359 adsensu
481 3312 528 3361 aut
543 3319 621 3362 suam
632 3311 679 3361 aut
693 3303 775 3361 amici
789 3303 955 3363 sententiam
967 3299 1150 3378 sequebatur.

116 3390 145 3440 12
155 3381 271 3440 'lantum
285 3381 333 3442 ille
350 3384 459 3461 populo
475 3384 566 3446 dabat.
595 3385 686 3446 Recte
700 3405 735 3445 an
749 3405 852 3463 secus,
867 3384 937 3444 nihil
951 3384 987 3443 ad
1002 3402 1056 3442 me.
1084 3383 1150 3460 Ego

153 3468 228 3524 enim
242 3483 298 3527 nnn
309 3467 446 3548 populum
460 3469 599 3530 advocare
612 3471 664 3530 sed
678 3479 773 3531 certos
785 3470 953 3547 electosque
966 3467 1059 3546 soleo,
1078 3485 1152 3545 quos

16 3716 116 3824 ἱ
