2588 4116
459 180 723 245 EPISTULARUM
737 181 786 243 lll.
810 194 837 248 9.
1118 182 1158 246 53

153 352 209 395 non
226 352 279 414 pro
291 354 325 395 se
343 334 395 394 sed
410 351 464 414 pro
483 352 568 396 causa
587 337 737 405 niteretur;
755 337 836 396 cuius
849 346 878 397 et
889 335 1050 415 magnitudo
1063 345 1092 395 et
1106 336 1157 395 uti-

153 418 218 478 litas
226 420 286 479 visa
299 428 344 478 est
357 417 505 497 postulare
517 437 553 478 ne
567 427 672 479 tantum
685 421 781 479 oneris
793 420 912 498 singulis
922 419 1080 482 actionibus
1092 419 1158 479 sub·

152 505 267 563 iremus.
297 501 474 563 Verebamur
484 521 520 562 ne
533 521 586 564 nos
599 505 677 580 dies,
698 522 734 563 ne
745 522 821 580 vox,
840 523 876 563 ne
888 504 976 565 latera
988 503 1184 579 delicerent,9

152 588 176 644 si
188 594 229 646 tot
240 587 364 662 crimina,
377 595 420 646 tot
431 603 498 646 reos
509 605 564 646 uno
577 587 656 647 velut
668 587 747 646 iasce
761 587 1031 664 complecteremur;
1044 586 1156 660 deinde,

126 686 188 738 5ne
206 669 327 729 iudicum
344 671 463 730 intentio
481 669 575 731 multis
593 672 751 731 nominibus
764 670 917 748 multisque
930 672 1023 730 causis
1035 688 1090 728 non
1103 670 1157 730 las-

152 762 262 813 saretur
272 752 356 814 modo
368 772 467 813 verum
480 756 562 814 etiam
575 754 813 824 confundendum
835 771 918 830 mox,
943 771 979 813 nc
994 754 1085 831 gratia
1103 754 1159 813 sin·

151 837 281 913 gulorum
296 836 408 897 conlata
424 847 509 916 atque
525 841 662 918 permixta
677 856 731 918 pro
747 838 866 915 singulis
883 855 998 917 quoque
1011 837 1087 895 vires
1100 853 1158 896 cm·

151 923 226 980 nium
250 924 412 999 acciperet;
440 931 604 1000 postremo,
622 941 659 982 ne
681 924 870 1000 potentissimi
885 921 1024 983 vilissimo
1042 936 1157 997 quoque

151 1006 230 1081 quasi
252 1004 388 1084 piaculari
411 1005 476 1066 dato
498 1006 598 1066 alienis
622 1008 722 1084 poenis
745 1005 934 1066 elaberentur.
966 1003 1079 1063 Etenim
1099 1011 1157 1061 tum
1169 1018 1202 1069 10

108 1089 366 1154 tornarimeiavor
381 1098 411 1147 ct
425 1090 538 1150 ambitio
554 1091 718 1167 dominatur,
736 1109 800 1150 cum
815 1090 869 1150 sub
885 1090 978 1167 aliqua
994 1090 1095 1165 specie
1111 1104 1156 1146 se·

150 1173 278 1232 veritatis
294 1172 466 1233 delitescere
483 1182 588 1251 potest.
612 1173 680 1233 Erat
695 1176 723 1233 in
740 1173 860 1233 consilio
876 1172 1070 1233 Sertorianum
1087 1168 1156 1229 illud
1167 1183 1199 1236 11

151 1255 328 1335 exemplum,
349 1259 396 1333 qui
416 1257 642 1317 robustissimum
663 1267 691 1317 et
708 1257 923 1316 infirmissimum
938 1254 1054 1315 militem
1074 1255 1157 1313 iussit

152 1338 268 1399 caudam
280 1340 388 1417 equi-
399 1339 509 1417 reliqua
520 1343 604 1400 nosti.
625 1338 696 1398 Nam
710 1357 763 1398 nos
778 1357 893 1418 quoque
909 1347 964 1397 tam
977 1354 1158 1396 numerosum

151 1441 253 1499 agmen
274 1440 388 1483 reorum
409 1425 447 1483 ita
467 1423 578 1483 demum
599 1423 763 1483 videbamus
785 1439 873 1500 posse
897 1421 1043 1500 superari,
1065 1421 1089 1478 si
1105 1437 1158 1500 per

107 1514 140 1566 15
151 1506 280 1583 singulos
296 1516 471 1584 carperetur.
500 1505 609 1567 Placuit
623 1509 650 1566 in
667 1509 763 1585 primis
779 1508 872 1585 ipsum
888 1504 1047 1565 Classicum
1063 1512 1200 1574 osten-12

149 1590 217 1650 dere
229 1598 395 1650 nocentem:
408 1591 455 1650 hic
466 1592 627 1668 aptissimus
641 1590 676 1651 ad
686 1593 783 1652 socios
797 1593 858 1650 eius
870 1599 899 1650 et
911 1591 1055 1650 ministros
1067 1598 1156 1649 trans-

149 1678 203 1734 itus
225 1685 302 1751 erat,
325 1676 390 1752 quia
406 1676 478 1735 socii
499 1677 674 1754 ministrique
696 1676 810 1754 probari
825 1677 879 1734 nisi
896 1673 946 1736 illo
962 1682 1084 1735 nocente
1101 1690 1157 1732 non

148 1767 295 1836 poterant;
323 1777 359 1818 ex
379 1760 481 1837 quibus
498 1759 569 1819 duos
586 1763 678 1819 statim
694 1758 824 1820 Classico
840 1761 997 1837 iunximus,
1022 1757 1157 1817 Baebium

148 1842 269 1903 Probum
282 1851 311 1902 et
323 1841 438 1903 Fabium
450 1841 614 1923 llispanum,
630 1854 780 1923 utrumque
791 1847 891 1922 gratia,
906 1844 1061 1922 Hispanum
1074 1844 1157 1902 etiam

105 1934 141 1985 20
150 1926 280 1986 facundia
294 1926 426 1987 validum.
459 1926 496 1985 Et
516 1930 592 1987 circa
608 1925 765 1989 Classicum
781 1927 895 2008 quidem
909 1929 1004 1988 brevis
1021 1935 1050 1986 et
1066 1935 1200 2003 expe-13

149 2007 223 2067 ditus
237 2009 327 2068 labor.
358 2009 414 2068 Sua
429 2027 510 2068 manu
525 2010 679 2087 reliquerat
694 2015 831 2089 scripturn
847 2011 914 2090 quid
930 2030 966 2070 ex
981 2028 1096 2089 quaque
1111 2027 1155 2085 re,

150 2091 217 2168 quid
234 2110 271 2150 ex
286 2109 398 2169 quaque
416 2110 500 2150 causa
515 2096 693 2168 accepisset:
717 2097 831 2154 miserat
846 2096 930 2153 etiam
946 2093 1083 2171 epistulas
1099 2091 1156 2150 Rc-

149 2173 270 2233 mamad
285 2174 432 2233 amiculam
447 2175 583 2252 quandam
596 2178 732 2236 iactantes
748 2185 777 2235 et
792 2175 950 2252 gloriosas,
976 2177 1021 2235 bis
1043 2174 1157 2253 quidem

149 2258 246 2317 verbis
265 2259 306 2317 ‘io
321 2258 361 2335 io,
378 2257 452 2318 liber
465 2258 500 2318 ad
516 2268 545 2318 te
559 2261 659 2328 renim
680 2260 734 2318 iam
750 2260 912 2319 sestertium
926 2258 1096 2336 quadragies
1111 2276 1156 2316 re·

67 2415 74 2423 .
106 2356 140 2409 25
151 2340 217 2418 degi
239 2351 319 2418 parte
339 2342 453 2401 vendita
474 2342 675 2403 Baeticorum?
706 2341 789 2402 Circa
809 2341 963 2419 Hispanum
986 2350 1015 2399 et
1034 2340 1155 2400 Probum
1166 2348 1200 2401 14

63 2424 66 2430 '
149 2425 264 2484 multum
280 2424 400 2485 sudoris.
429 2423 535 2486 Horum
552 2436 616 2486 ante
633 2446 715 2505 quam
731 2428 846 2487 crimina
861 2424 1038 2503 ingrederer,
1054 2442 1157 2484 neces·

148 2510 251 2568 sarium
266 2508 373 2569 credidi
390 2509 539 2571 elaborare
556 2519 586 2570 ut
600 2520 744 2573 constaret
758 2512 943 2570 ministerium
954 2511 1061 2568 crimen
1074 2526 1155 2575 esse;

149 2592 293 2671 quodnisi
308 2594 459 2670 iecissem,
478 2595 581 2656 lrustra
595 2597 737 2657 ministros
752 2595 929 2674 probassem.
960 2593 1064 2672 Neque
1081 2594 1155 2652 enim
1165 2602 1199 2653 15

148 2679 184 2736 ita
199 2675 423 2738 defendebantur
437 2688 468 2738 ut
482 2688 630 2757 negarent,
647 2679 699 2740 sed
715 2688 744 2738 ut
757 2680 922 2740 necessitati
933 2680 1043 2737 veniam
1055 2693 1155 2754 preca·

105 2768 259 2822 durentur:
275 2779 342 2821 esse
357 2765 430 2820 enim
445 2782 477 2823 se
495 2763 687 2840 provinciales
703 2772 732 2823 et
746 2762 781 2822 ad
796 2781 877 2822 omne
893 2761 1095 2840 proconsulum
1107 2762 1155 2819 im-

147 2847 257 2924 perium
271 2855 348 2905 metu
363 2847 437 2924 cogi.
471 2845 553 2907 Solet
568 2845 665 2906 dicere
682 2844 816 2906 Claudius
832 2846 1007 2922 Restitutus,
1024 2846 1072 2923 qui
1087 2843 1154 2902 mihi
1164 2851 1198 2904 tu

147 2929 313 3007 respondit,
335 2930 379 2988 vir
399 2931 571 2990 exercitatus
593 2939 623 2990 et
637 2931 758 3008 vigilans
773 2940 804 2991 et
819 2930 974 3008 quamlibet
989 2929 1090 2988 subitis
1105 2945 1154 3006 pa·

147 3022 239 3089 ratus,
262 3030 412 3091 numquam
433 3014 488 3073 sibi
508 3023 613 3073 tantum
636 3013 781 3092 caliginis,
808 3023 913 3074 tantum
935 3010 1154 3090 perturbationis

149 3097 286 3172 offusum,
310 3114 393 3175 quam
414 3113 477 3156 cum
491 3106 644 3177 praerepta
659 3108 688 3158 et
705 3107 814 3157 extorta
829 3097 990 3157 defensioni
1005 3111 1073 3152 suae
1090 3110 1152 3151 cer·

105 3184 138 3237 35
148 3190 228 3240 neret
243 3183 270 3239 in
287 3181 388 3258 quibus
401 3198 512 3240 omnem
524 3180 654 3241 induciam
667 3182 835 3258 reponebat.
860 3177 979 3240 Consilii
991 3177 1080 3235 nostri
1093 3177 1152 3234 exi·
1162 3184 1195 3236 1·

147 3273 192 3323 tus
208 3265 273 3323 luit:
300 3265 375 3323 bona
390 3261 510 3324 Classici
526 3283 599 3344 quae
615 3264 762 3324 habuisset
777 3270 841 3322 ante
857 3260 1031 3338 provinciam
1046 3258 1152 3336 placuit

146 3349 255 3407 senatui
271 3365 286 3406 a
306 3347 424 3426 reliquis
441 3350 581 3427 separari,
604 3347 653 3406 illa
669 3346 758 3421 liliae,
782 3344 856 3403 haee
876 3342 1005 3421 spoliatis
1020 3343 1150 3422 relinqui.

144 3430 279 3490 Additum
295 3439 384 3492 estut
400 3433 538 3509 pecuniae
557 3450 628 3510 quas
644 3428 831 3489 creditoribus
845 3427 970 3489 solverat
981 3444 1153 3488 revocaren-
