2588 4116
251 223 312 285 172
671 221 703 279 G.
726 219 823 278 l'LlNl

250 384 281 433 ut
301 376 391 433 omnia
412 373 575 446 emendem,
602 371 678 448 quod
696 373 863 448 contingere
880 387 936 428 non
952 378 1050 446 potest
1066 369 1166 429 electa
1186 373 1252 430 reoi-

226 457 384 518 5tantibus.
403 456 449 515 Ad
463 455 532 515 illud
549 454 705 514 modestius
720 463 749 514 et
764 455 886 514 fortasse
902 454 1092 512 reverentius,
1126 452 1187 512 Sed
1201 453 1252 515 boc

252 539 409 617 simplicius
430 548 459 598 et
479 540 624 598 amantius.
653 537 735 597 Amat
758 540 832 597 enim
854 538 901 614 qui
916 554 949 596 se
964 537 1007 597 sio
1023 536 1109 595 ornari
1126 545 1207 613 putat
1226 548 1252 598 ut

253 622 375 683 taedium
390 639 445 681 nou
458 622 654 698 pertimescat:
677 629 705 680 et
720 619 825 698 alioqui
839 619 906 697 quid
921 627 1065 698 praestant
1081 619 1210 698 sodalis,
1230 623 1251 682 si

253 708 423 765 conveniunt
440 704 593 781 voluptatis
613 722 681 764 suae
699 700 804 763 causa?
825 702 971 762 Delicatus
986 719 1019 761 ac
1037 701 1140 762 similis
1159 704 1268 781 ignotot

227 798 298 852 dest
316 789 363 866 qui
382 788 463 847 amici
480 787 582 847 librum
602 786 706 846 bonurn
726 786 829 846 mavult
843 787 939 845 audire
954 803 1035 863 quam
1050 784 1161 846 iacere.
1194 786 1251 848 Nou

252 872 348 931 dubito
364 888 471 949 cupere
490 880 518 930 te
533 888 585 949 pro
601 881 698 930 cetera
711 870 766 928 mei
783 870 898 929 caritate
915 886 995 947 quarn
1009 870 1202 930 maturissime
1215 872 1266 959 le·

250 971 322 1030 gere
342 954 416 1013 buno
438 953 530 1013 adbuc
551 962 692 1013 musteum
707 953 817 1011 librum.
852 951 964 1030 Leges,
989 951 1042 1011 sed
1055 960 1250 1023 retractatum

252 1055 323 1114 quae
341 1054 425 1096 causa
439 1037 576 1097 recitandi
592 1037 658 1104 fuit;
677 1045 813 1097 ettamen
829 1052 887 1095 non
903 1035 980 1094 nulla
994 1035 1048 1093 iam
1063 1054 1101 1095 ex
1118 1054 1156 1096 eo
1171 1040 1250 1099 nosti.

250 1119 329 1179 llaec
339 1120 486 1181 emendata
498 1130 600 1198 postea
611 1119 670 1196 vel,
687 1119 763 1197 quod
778 1119 917 1178 interdum
930 1119 1060 1195 longiore
1075 1136 1155 1180 mora
1167 1120 1249 1199 solet,
1256 1138 1275 1190 lt

251 1203 392 1264 deteriora
406 1203 480 1263 iacta
496 1205 575 1282 quasi
590 1221 663 1263 nova
677 1221 775 1262 rursus
787 1210 816 1262 et
833 1202 973 1280 rescripta
984 1218 1162 1278 cognosces.
1185 1203 1250 1265 Nam

251 1287 397 1367 plerisque
409 1288 520 1348 mutatis
534 1306 568 1348 ea
581 1301 694 1366 quoque
704 1295 806 1346 mnata
815 1286 944 1346 videntur
954 1303 1025 1364 quae
1034 1297 1159 1347 manent.
1172 1287 1249 1349 Vale.

704 1414 795 1476 XXII.

535 1514 562 1566 c.
582 1514 706 1564 rutulus
727 1513 848 1565 cuuruo
864 1513 925 1564 suo
942 1512 967 1562 s

226 1631 241 1681 l
313 1615 432 1674 Nostine
449 1614 503 1674 bos
525 1616 572 1691 qui
588 1616 709 1674 omnium
724 1615 868 1675 libidinum
889 1615 965 1675 servi
986 1614 1029 1674 sie
1044 1614 1164 1674 aliorum
1178 1618 1248 1678 vitiis
1278 1608 1281 1617 '

252 1703 409 1759 irascuntur
430 1698 509 1774 quasi
522 1697 663 1757 invideant
683 1708 712 1758 et
732 1701 899 1776 gravissime
915 1700 1030 1775 puniunt
1046 1716 1120 1777 quos
1135 1703 1249 1760 maxime
1282 1700 1285 1709 '

252 1777 411 1841 imitantur?
430 1796 493 1837 cum
510 1797 561 1839 eos
577 1782 660 1839 etiarn
675 1783 721 1860 qui
735 1798 791 1841 non
806 1781 934 1858 indigent
949 1782 1098 1842 clementia
1113 1782 1198 1843 ullius
1211 1784 1248 1843 ni-

226 1864 290 1926 abit
305 1865 393 1939 magis
409 1881 490 1941 quam
504 1862 605 1923 lenitas
623 1863 733 1924 deceat.
765 1865 860 1943 Atque
882 1883 937 1941 ego
960 1867 1093 1944 optimum
1114 1876 1144 1926 et
1158 1885 1248 1927 emen·

253 1947 427 2008 datissimum
441 1947 571 2006 existimo
589 1950 636 2026 qui
655 1950 760 2010 ceteris
775 1951 812 2010 ita
829 1951 952 2026 ignoscit
966 1959 1105 2027 tamquam
1125 1951 1189 2027 ipsc
1204 1968 1273 2009 co·
1288 1996 1294 2031 ,

251 2031 318 2094 tidie
337 2039 460 2109 peccet,
481 2031 519 2089 ita
541 2034 668 2109 peccatis
686 2033 808 2093 abstinet
828 2042 967 2113 tamquam
988 2033 1091 2092 nemini
1112 2033 1246 2110 ignoscat·
1293 2027 1294 2031 ’

224 2114 372 2179 3Proinde
388 2114 443 2173 boc
458 2112 550 2191 domi,
565 2114 621 2176 hoc
634 2116 721 2195 loris,
744 2117 842 2177 hocin
858 2118 932 2176 omni
943 2117 1017 2177 vitae
1033 2134 1143 2192 genere
1156 2126 1246 2178 tenea·

251 2219 331 2277 mus,
356 2207 387 2258 ut
407 2198 489 2259 nobis
510 2197 695 2277 inplacabiles
713 2202 816 2277 simus,
841 2199 1002 2260 exorabiles
1022 2201 1083 2259 istis
1106 2200 1191 2260 etiam
1206 2200 1249 2279 qui

252 2285 319 2344 dare
333 2284 444 2342 veniam
459 2283 512 2342 nisi
528 2282 583 2342 sibi
598 2286 746 2359 nesciunt,
771 2282 990 2357 mandemusque
1007 2285 1162 2344 memoriae
1179 2281 1250 2363 quod

250 2370 294 2427 vir
307 2365 469 2426 mitissimus
484 2372 513 2423 et
525 2364 561 2423 ob
577 2365 633 2423 boc
649 2382 762 2442 quoque
777 2365 928 2436 maximus,
941 2360 1076 2437 Thrasea,
1093 2367 1201 2427 crebro
1215 2366 1278 2427 dur

251 2467 318 2510 cere
333 2446 455 2520 solebat,
470 2447 530 2523 ‘qui
545 2447 612 2505 vitia
627 2446 701 2521 odit,
723 2445 850 2503 homines
872 2442 953 2501 odit!
985 2440 1104 2514 Quaeris
1128 2446 1250 2512 fortasse

223 2541 306 2607 aquo
322 2536 478 2588 commotus
493 2527 565 2585 haec
579 2528 709 2586 scribam.
733 2525 832 2603 Nuper
845 2525 957 2603 quidam
966 2557 1009 2573 -·
1023 2525 1076 2586 sed
1086 2528 1194 2593 melius
1207 2550 1250 2594 co·

248 2631 321 2681 ram;
345 2624 510 2687 quamquam
523 2625 560 2667 ne
571 2617 638 2667 tunc
653 2609 774 2687 quidem.
806 2607 918 2668 Vereor
933 2612 1006 2670 enim
1021 2628 1057 2669 ne
1073 2609 1102 2669 id
1119 2616 1200 2691 quod
1213 2618 1251 2675 in·

248 2694 341 2772 probo
359 2692 492 2750 insectari
514 2709 631 2769 carpere
646 2693 708 2753 fere
721 2692 787 2753 huic
806 2692 882 2771 quod
899 2712 963 2753 cum
977 2695 1095 2755 maxime
1109 2701 1249 2778 praecipi·

248 2795 309 2836 rnus
326 2782 478 2853 repugnet.
511 2774 646 2853 Quisquis
669 2776 735 2855 ille,
761 2775 991 2856 qualiscumque,
1015 2778 1150 2858 sileatur,
1168 2800 1250 2860 quem
1278 2813 1280 2844 t

248 2859 522 3000 insignirelexempli
536 2858 616 2937 nibil,
631 2879 687 2920 non
701 2862 835 2939 insignire
850 2861 1025 2924 humanitatis
1042 2861 1192 2939 plurimum
1206 2884 1250 2926 re·

250 2943 316 3003 fert.
346 2943 426 3002 Vae.

698 3076 803 3137 XXllt.

495 3177 522 3230 c.
539 3176 882 3228 PL1N1USMARGELL1N0
901 3177 961 3228 suc
978 3176 1004 3231 S.

224 3293 240 3342 1
311 3281 408 3342 Omnia
422 3281 488 3340 mihi
500 3282 600 3357 studia,
615 3298 713 3341 omncs
726 3300 819 3360 curas,
837 3283 927 3341 omnia
939 3292 1121 3342 avocamenta
1133 3286 1250 3364 exemit,

250 3368 389 3443 excussit,
408 3367 511 3444 eripuit
525 3364 617 3441 dolor,
634 3382 718 3442 quem
733 3384 770 3424 ex
784 3375 874 3425 morte
889 3365 949 3424 luni
964 3365 1041 3424 Aviti
1055 3367 1252 3442 gravissimum

220 3448 322 3523 accpi.
343 3447 438 3508 Latum
454 3447 563 3507 clavum
576 3449 605 3507 in
621 3447 704 3509 domo
715 3465 778 3509 mea
789 3448 931 3509 induerat:
949 3448 1084 3525 suffragio
1096 3467 1161 3511 mco
1174 3452 1250 3512 adiu·

29 3524 193 3800 *a
