2588 4116
383 245 646 308 EPISTULARUM
660 247 723 308 llll.
743 259 787 313 28.
799 260 842 314 29.
854 260 898 314 30·
1105 251 1148 317 87

134 417 205 460 cere
223 399 363 459 eiusmodi
376 398 540 478 exemplum
554 402 676 462 nonnisi
690 403 802 478 severi,
818 404 973 463 institutum
986 406 1149 466 reductum·

133 502 172 544 ve
192 501 333 544 exercere
349 484 433 544 etiam
448 482 586 545 lenissimi
601 495 733 564 possunt.
763 483 846 547 Vale.

593 617 686 679 XXX.

108 742 127 794 5
366 716 392 766 c.
413 717 538 768 ruinius
553 718 671 770 urorum
691 718 798 769 sanun
816 717 876 769 sno
896 718 923 797 a.

200 819 292 879 Attuli
306 820 359 879 tibi
375 839 413 880 ex
426 823 515 901 patria
528 840 590 881 mea
604 839 657 902 pro
672 822 840 882 munusculo
856 824 1052 900 quaestionem
1069 821 1175 892 altis-1

135 906 207 964 sima
225 905 279 964 ista
297 904 456 965 eruditione
476 905 676 982 dignissimam.
709 905 786 966 Fons
803 908 892 966 oritur
912 909 941 965 in
955 916 1069 984 monte,
1096 923 1176 986 penu

135 1006 205 1048 saxa
226 987 369 1065 decurrit,
389 990 533 1066 excipitur
553 989 749 1050 cenatiuncula
765 1009 846 1049 manu
871 990 960 1051 iacta:
980 991 1019 1050 ibi
1034 991 1149 1069 paulum

136 1080 267 1132 retentus
282 1074 310 1129 in
324 1071 435 1131 Larium
447 1070 540 1133 lacum
551 1073 667 1134 decidit.
689 1073 778 1135 Huius
791 1076 860 1134 mira
874 1084 985 1135 natura:
1000 1084 1046 1135 ter
1060 1077 1087 1134 in
1103 1075 1148 1136 die

91 1166 128 1218 10
136 1157 218 1218 statis
235 1155 365 1216 auctibus
385 1173 419 1215 ac
440 1156 668 1219 diminutionibus
685 1160 790 1219 crescit
804 1157 1018 1236 decrescitque.
1049 1157 1176 1226 Cerni-3

137 1250 184 1300 tur
198 1239 226 1298 id
241 1237 334 1317 palam
350 1248 379 1299 et
395 1257 458 1298 cum
473 1259 579 1302 summa
592 1242 739 1321 voluptate
756 1241 987 1319 deprehenditur.
1009 1242 1089 1302 luxta
1103 1263 1148 1303 re·

138 1323 250 1385 cumbis
271 1332 301 1383 et
320 1326 451 1384 vesceris
474 1333 560 1403 atque
576 1327 661 1385 etiam
678 1345 716 1385 ex
736 1329 801 1404 ipso
821 1325 901 1385 fonte
916 1326 994 1404 (nam
1010 1335 1054 1385 est
1070 1327 1149 1404 frigi-

138 1406 289 1486 dissimus)
310 1417 408 1486 potas:
427 1409 538 1469 interim
558 1408 608 1470 ille
625 1411 711 1470 certis
726 1409 921 1487 dimensisque
935 1411 1085 1469 momentis
1101 1411 1148 1470 vel

138 1491 312 1551 subtrahitur
326 1490 375 1551 vel
389 1491 524 1570 adsurgit.
545 1494 668 1553 Anulum
683 1493 816 1572 seuquid
830 1493 906 1553 aliud
918 1496 1001 1572 ponis
1016 1495 1044 1552 in
1054 1496 1176 1572 sicco,4

94 1587 128 1639 ta
138 1574 383 1642 adluitursensim
399 1594 434 1637 ac
448 1580 603 1639 novissime
620 1580 763 1658 operitur,
780 1578 924 1655 detegitur
937 1596 1035 1638 rursm
1052 1578 1148 1656 paula-

137 1662 246 1737 timque
262 1659 419 1721 deseritur:
436 1664 460 1722 si
477 1662 580 1723 diutius
596 1663 747 1740 observes,
767 1672 917 1740 utrumque
933 1664 1079 1722 iterumue
1092 1671 1149 1723 ter·

138 1747 179 1803 tio
193 1743 301 1805 videas.
324 1744 484 1823 Spiritusne
500 1747 601 1826 aliquis
614 1747 800 1807 occultiores
812 1747 899 1807 sontis
911 1755 940 1806 et
952 1746 1052 1806 lauces
1064 1747 1174 1808 modos

138 1826 216 1887 laxat
229 1829 314 1889 modo
328 1829 462 1906 includit,
484 1841 568 1909 prout
581 1831 684 1892 inlatus
699 1833 825 1891 occurrit
844 1840 891 1891 aut
907 1831 1033 1891 decessit
1048 1830 1149 1910 expul-

138 1909 210 1972 sus?
232 1912 309 1989 quod
323 1915 352 1971 in
365 1913 497 1993 ampullis
514 1918 679 1994 ceterisque
691 1917 806 1992 generis
822 1914 950 1975 eiusdem
961 1916 1090 1976 videmus
1102 1925 1174 1978 aab

93 1995 254 2071 accidere,
278 1998 380 2072 quibus
401 2014 458 2056 non
477 1998 558 2058 hians
579 2017 634 2057 nec
655 2000 747 2059 statim
760 2006 862 2076 patens
877 2002 981 2059 exitus.
1012 1998 1083 2057 Nam
1100 1999 1149 2060 illa

137 2097 268 2157 quoque,
284 2097 451 2156 quamquam
465 2098 554 2158 prona
573 2090 659 2157 atque
673 2083 833 2158 vergentia,
848 2098 902 2159 per
918 2080 1052 2160 quasdam
1066 2082 1146 2141 oblu-

137 2163 242 2222 ctantis
266 2163 374 2222 animae
394 2180 487 2224 moras
510 2164 620 2223 crebris
647 2165 727 2241 quasi
749 2162 919 2238 singultibus
944 2167 1047 2224 sistunt
1073 2166 1149 2242 quod

137 2245 296 2306 effundunt.
329 2246 375 2305 An
390 2264 464 2325 quae
481 2263 590 2307 oceano
606 2256 719 2322 natura,
736 2245 807 2306 lonti
821 2263 953 2324 quoque,
972 2265 1084 2324 quaque
1098 2247 1174 2311 illei

136 2331 249 2390 ratione
267 2340 315 2390 aut
326 2329 472 2407 inpellitur
487 2341 535 2391 aut
549 2332 726 2407 resorbetur,
741 2329 795 2391 hac
808 2329 938 2390 modicus
953 2329 999 2388 hic
1014 2348 1094 2390 umor
1108 2335 1150 2391 vi-

96 2420 130 2473 25
141 2415 223 2475 cibus
239 2413 356 2476 alternis
371 2417 555 2495 supprimitur
567 2415 615 2476 vel
630 2410 780 2492 egeritur?
801 2415 847 2474 An
864 2424 894 2474 ut
908 2414 1020 2474 llumina
1035 2432 1108 2493 quae
1123 2418 1176 2478 in&

140 2515 219 2558 mare
240 2498 406 2559 deteruntur
431 2500 648 2581 adversantibus
670 2502 764 2560 ventis
788 2499 932 2577 obvioque
955 2509 1036 2559 aestu
1058 2510 1150 2560 retor-

141 2592 280 2660 quentur,
301 2586 339 2643 ita
360 2593 405 2644 est
425 2584 531 2663 aliquid
552 2584 629 2664 quod
643 2584 726 2644 huius
741 2584 828 2644 iontis
844 2601 997 2644 excursum
1012 2602 1148 2663 repercu-

140 2662 213 2726 tiat'l
237 2666 283 2726 An
306 2666 459 2728 latentibus
481 2672 564 2730 venis
585 2678 664 2729 certa
683 2686 831 2745 mensura,
857 2668 1016 2746 quaedum
1038 2669 1176 2746 colligit9

142 2749 219 2828 quod
235 2750 416 2828 exhauserat,
432 2753 523 2813 minor
539 2755 616 2814 rivus
631 2763 661 2813 et
676 2754 799 2829 pigrior,
817 2769 881 2811 cum
900 2752 1030 2830 collegit,
1047 2754 1149 2830 agilior

98 2835 287 2913 bomaiorque
302 2833 467 2914 profertur?
485 2837 531 2896 An
552 2838 652 2897 nescio
674 2836 750 2914 quod
769 2835 965 2897 libramentum
979 2837 1103 2897 abditum
1119 2848 1148 2898 et
1158 2846 1193 2898 10

143 2935 277 2995 caecum,
300 2919 457 2998 quodcum
479 2922 650 2980 exinanitum
669 2930 730 2996 est,
751 2922 870 2981 suscitat
891 2930 920 2981 et
935 2920 1014 2981 elicit
1029 2922 1148 2999 iontem,

143 3019 207 3060 cum
233 3002 391 3081 repletum,
420 3014 546 3064 moratur
572 3015 602 3065 et
628 3001 805 3081 strangulat?
833 3004 968 3066 Scrutare
993 3015 1023 3064 tu
1049 3024 1148 3065 causas
1158 3011 1192 3064 11

142 3086 245 3163 (potes
262 3087 370 3165 enim),
393 3105 466 3165 quae
487 3097 593 3149 tantum
608 3088 772 3148 miraculum
790 3088 930 3149 efficiunt:
952 3089 1019 3148 mihi
1038 3087 1149 3147 abunde

142 3179 200 3247 est,
217 3170 241 3229 si
256 3172 323 3233 satis
340 3174 473 3250 expressi
487 3172 564 3251 quod
579 3172 710 3233 efficitur.
741 3170 823 3232 Vale.

549 3399 746 3407 0—-..—..-—--
