<?xml version="1.0" encoding="UTF-8"?>
<!DOCTYPE html PUBLIC "-//W3C//DTD XHTML 1.0 Transitional//EN"
    "http://www.w3.org/TR/xhtml1/DTD/xhtml1-transitional.dtd">
<html xmlns="http://www.w3.org/1999/xhtml" xml:lang="en" lang="en">
 <head>
  <title>
</title>
<meta http-equiv="Content-Type" content="text/html;charset=utf-8" />
  <meta name='ocr-system' content='tesseract 3.04.00' />
  <meta name='ocr-capabilities' content='ocr_page ocr_carea ocr_par ocr_line ocrx_word'/>
</head>
<body>
  <div class='ocr_page' id='page_1' title='image "./cplinicaccilise00plingoog_0069.png"; bbox 0 0 2588 4116; ppageno 0'>
   <div class='ocr_carea' id='block_1_1' title="bbox 433 121 1128 186">
    <p class='ocr_par' dir='ltr' id='par_1_1' title="bbox 433 121 1128 186">
     <span class='ocr_line' id='line_1_1' title="bbox 433 121 1128 186; baseline 0.006 -4"><span class='ocrx_word' id='word_1_1' title='bbox 433 121 696 183; x_wconf 77' lang='lat' dir='ltr'><strong>EPISTULARUM</strong></span> <span class='ocrx_word' id='word_1_2' title='bbox 709 121 759 182; x_wconf 94' lang='lat' dir='ltr'><strong>lll.</strong></span> <span class='ocrx_word' id='word_1_3' title='bbox 782 133 809 186; x_wconf 86' lang='lat'><strong>6.</strong></span> <span class='ocrx_word' id='word_1_4' title='bbox 1085 125 1128 186; x_wconf 89' lang='grc'><strong>49</strong></span> 
     </span>
    </p>
   </div>
   <div class='ocr_carea' id='block_1_2' title="bbox 116 272 1168 522">
    <p class='ocr_par' dir='ltr' id='par_1_2' title="bbox 116 272 1168 522">
     <span class='ocr_line' id='line_1_2' title="bbox 119 272 1168 353; baseline 0.006 -16"><span class='ocrx_word' id='word_1_5' title='bbox 119 277 152 337; x_wconf 93' lang='lat' dir='ltr'><strong>Iu</strong></span> <span class='ocrx_word' id='word_1_6' title='bbox 166 278 268 336; x_wconf 86' lang='lat' dir='ltr'><strong>itinere</strong></span> <span class='ocrx_word' id='word_1_7' title='bbox 285 276 366 353; x_wconf 82' lang='lat' dir='ltr'><strong>quasi</strong></span> <span class='ocrx_word' id='word_1_8' title='bbox 379 274 490 335; x_wconf 88' lang='lat' dir='ltr'><strong>solutus</strong></span> <span class='ocrx_word' id='word_1_9' title='bbox 505 275 609 334; x_wconf 91' lang='lat' dir='ltr'><strong>ceteris</strong></span> <span class='ocrx_word' id='word_1_10' title='bbox 625 276 700 334; x_wconf 90' lang='lat' dir='ltr'><strong>curis</strong></span> <span class='ocrx_word' id='word_1_11' title='bbox 714 272 781 333; x_wconf 91' lang='lat' dir='ltr'><strong>buic</strong></span> <span class='ocrx_word' id='word_1_12' title='bbox 795 277 842 333; x_wconf 91' lang='lat' dir='ltr'><strong>uni</strong></span> <span class='ocrx_word' id='word_1_13' title='bbox 856 275 987 336; x_wconf 85' lang='lat' dir='ltr'><strong>vacabat:</strong></span> <span class='ocrx_word' id='word_1_14' title='bbox 1002 273 1038 334; x_wconf 87' lang='lat' dir='ltr'><strong>ad</strong></span> <span class='ocrx_word' id='word_1_15' title='bbox 1052 274 1168 342; x_wconf 83' lang='lat' dir='ltr'><strong>latus15</strong></span> 
     </span>
     <span class='ocr_line' id='line_1_3' title="bbox 116 356 1125 436; baseline 0 -16"><span class='ocrx_word' id='word_1_16' title='bbox 116 361 245 435; x_wconf 88' lang='lat' dir='ltr'><strong>notarius</strong></span> <span class='ocrx_word' id='word_1_17' title='bbox 260 377 323 418; x_wconf 90' lang='lat' dir='ltr'><strong>cum</strong></span> <span class='ocrx_word' id='word_1_18' title='bbox 335 358 409 418; x_wconf 91' lang='lat' dir='ltr'><strong>libro</strong></span> <span class='ocrx_word' id='word_1_19' title='bbox 425 367 453 417; x_wconf 92' lang='lat' dir='ltr'><strong>et</strong></span> <span class='ocrx_word' id='word_1_20' title='bbox 467 356 672 436; x_wconf 89' lang='lat' dir='ltr'><strong>pugillaribus,</strong></span> <span class='ocrx_word' id='word_1_21' title='bbox 695 359 775 417; x_wconf 90' lang='lat' dir='ltr'><strong>cuius</strong></span> <span class='ocrx_word' id='word_1_22' title='bbox 789 375 886 418; x_wconf 91' lang='lat' dir='ltr'><strong>manus</strong></span> <span class='ocrx_word' id='word_1_23' title='bbox 901 358 994 418; x_wconf 87' lang='lat' dir='ltr'><strong>bieme</strong></span> <span class='ocrx_word' id='word_1_24' title='bbox 1008 362 1125 421; x_wconf 90' lang='lat' dir='ltr'><strong>manicis</strong></span> 
     </span>
     <span class='ocr_line' id='line_1_4' title="bbox 116 439 1124 522; baseline 0.002 -19"><span class='ocrx_word' id='word_1_25' title='bbox 116 444 325 520; x_wconf 81' lang='lat' dir='ltr'>muniebantur,</span> <span class='ocrx_word' id='word_1_26' title='bbox 342 451 418 502; x_wconf 88' lang='lat' dir='ltr'><strong>utne</strong></span> <span class='ocrx_word' id='word_1_27' title='bbox 431 440 504 501; x_wconf 88' lang='lat' dir='ltr'><strong>caeli</strong></span> <span class='ocrx_word' id='word_1_28' title='bbox 518 439 632 519; x_wconf 85' lang='lat' dir='ltr'><strong>quidem</strong></span> <span class='ocrx_word' id='word_1_29' title='bbox 644 443 782 519; x_wconf 83' lang='lat' dir='ltr'>asperitas</span> <span class='ocrx_word' id='word_1_30' title='bbox 797 441 884 500; x_wconf 93' lang='lat' dir='ltr'><strong>ullurn</strong></span> <span class='ocrx_word' id='word_1_31' title='bbox 899 441 997 503; x_wconf 89' lang='lat' dir='ltr'><strong>studiis</strong></span> <span class='ocrx_word' id='word_1_32' title='bbox 1013 452 1124 522; x_wconf 87' lang='lat' dir='ltr'><strong>tempus</strong></span> 
     </span>
    </p>
   </div>
   <div class='ocr_carea' id='block_1_3' title="bbox 88 523 1186 2513">
    <p class='ocr_par' dir='ltr' id='par_1_3' title="bbox 118 523 1168 606">
     <span class='ocr_line' id='line_1_5' title="bbox 118 523 1168 606; baseline -0.002 -19"><span class='ocrx_word' id='word_1_33' title='bbox 118 530 261 606; x_wconf 66' lang='lat' dir='ltr'><strong>eriperem</strong></span> <span class='ocrx_word' id='word_1_34' title='bbox 286 544 341 604; x_wconf 93' lang='lat' dir='ltr'><strong>qua</strong></span> <span class='ocrx_word' id='word_1_35' title='bbox 362 544 399 585; x_wconf 88' lang='lat' dir='ltr'><strong>ex</strong></span> <span class='ocrx_word' id='word_1_36' title='bbox 421 543 506 585; x_wconf 87' lang='lat' dir='ltr'><strong>causa</strong></span> <span class='ocrx_word' id='word_1_37' title='bbox 526 524 635 584; x_wconf 86' lang='lat' dir='ltr'><strong>Rornae</strong></span> <span class='ocrx_word' id='word_1_38' title='bbox 656 541 771 602; x_wconf 90' lang='lat' dir='ltr'><strong>quoque</strong></span> <span class='ocrx_word' id='word_1_39' title='bbox 793 523 865 584; x_wconf 92' lang='lat' dir='ltr'><strong>sella</strong></span> <span class='ocrx_word' id='word_1_40' title='bbox 881 525 1046 585; x_wconf 87' lang='lat' dir='ltr'><strong>vehebatur.</strong></span> <span class='ocrx_word' id='word_1_41' title='bbox 1069 526 1168 595; x_wconf 73' lang='lat' dir='ltr'><strong>Pte-16</strong></span> 
     </span>
    </p>

    <p class='ocr_par' dir='ltr' id='par_1_4' title="bbox 92 607 1169 1024">
     <span class='ocr_line' id='line_1_6' title="bbox 92 607 1127 691; baseline -0.004 -19"><span class='ocrx_word' id='word_1_42' title='bbox 92 622 190 691; x_wconf 86' lang='lat' dir='ltr'><strong>5peto</strong></span> <span class='ocrx_word' id='word_1_43' title='bbox 210 628 256 669; x_wconf 85' lang='lat' dir='ltr'><strong>me</strong></span> <span class='ocrx_word' id='word_1_44' title='bbox 277 619 441 689; x_wconf 88' lang='lat' dir='ltr'><strong>correptum</strong></span> <span class='ocrx_word' id='word_1_45' title='bbox 460 609 496 668; x_wconf 92' lang='lat' dir='ltr'><strong>ab</strong></span> <span class='ocrx_word' id='word_1_46' title='bbox 518 626 553 667; x_wconf 92' lang='lat' dir='ltr'><strong>eo</strong></span> <span class='ocrx_word' id='word_1_47' title='bbox 578 625 629 667; x_wconf 89' lang='lat' dir='ltr'><strong>cur</strong></span> <span class='ocrx_word' id='word_1_48' title='bbox 648 607 835 668; x_wconf 80' lang='lat' dir='ltr'>ambularem:</span> <span class='ocrx_word' id='word_1_49' title='bbox 868 612 1010 686; x_wconf 72' lang='lat' dir='ltr'><strong>‘poteras&#39;</strong></span> <span class='ocrx_word' id='word_1_50' title='bbox 1032 610 1127 687; x_wconf 91' lang='lat' dir='ltr'><strong>inquid</strong></span> 
     </span>
     <span class='ocr_line' id='line_1_7' title="bbox 119 692 1128 773; baseline -0.004 -18"><span class='ocrx_word' id='word_1_51' title='bbox 119 696 184 755; x_wconf 78' lang='lat' dir='ltr'><strong>‘bas</strong></span> <span class='ocrx_word' id='word_1_52' title='bbox 199 695 284 756; x_wconf 90' lang='lat' dir='ltr'><strong>boras</strong></span> <span class='ocrx_word' id='word_1_53' title='bbox 299 711 354 753; x_wconf 92' lang='lat' dir='ltr'><strong>uon</strong></span> <span class='ocrx_word' id='word_1_54' title='bbox 367 693 519 773; x_wconf 77' lang='lat' dir='ltr'><strong>perdere⁹;</strong></span> <span class='ocrx_word' id='word_1_55' title='bbox 532 709 597 750; x_wconf 91' lang='lat' dir='ltr'><strong>narn</strong></span> <span class='ocrx_word' id='word_1_56' title='bbox 610 693 705 771; x_wconf 90' lang='lat' dir='ltr'><strong>perire</strong></span> <span class='ocrx_word' id='word_1_57' title='bbox 718 708 801 751; x_wconf 91' lang='lat' dir='ltr'><strong>omne</strong></span> <span class='ocrx_word' id='word_1_58' title='bbox 813 701 926 770; x_wconf 91' lang='lat' dir='ltr'><strong>tempus</strong></span> <span class='ocrx_word' id='word_1_59' title='bbox 942 692 1128 752; x_wconf 82' lang='lat' dir='ltr'><strong>arbitrabatur</strong></span> 
     </span>
     <span class='ocr_line' id='line_1_8' title="bbox 119 775 1169 856; baseline -0.004 -18"><span class='ocrx_word' id='word_1_60' title='bbox 119 778 197 856; x_wconf 92' lang='lat' dir='ltr'><strong>quod</strong></span> <span class='ocrx_word' id='word_1_61' title='bbox 219 778 318 839; x_wconf 89' lang='lat' dir='ltr'><strong>studiis</strong></span> <span class='ocrx_word' id='word_1_62' title='bbox 338 796 395 837; x_wconf 96' lang='lat' dir='ltr'><strong>non</strong></span> <span class='ocrx_word' id='word_1_63' title='bbox 413 775 625 855; x_wconf 78' lang='lat' dir='ltr'><strong>inpenderetur.</strong></span> <span class='ocrx_word' id='word_1_64' title='bbox 657 775 718 835; x_wconf 89' lang='lat' dir='ltr'><strong>Hac</strong></span> <span class='ocrx_word' id='word_1_65' title='bbox 738 778 893 836; x_wconf 89' lang='lat' dir='ltr'><strong>intentione</strong></span> <span class='ocrx_word' id='word_1_66' title='bbox 914 784 958 835; x_wconf 87' lang='lat' dir='ltr'><strong>tot</strong></span> <span class='ocrx_word' id='word_1_67' title='bbox 977 777 1031 836; x_wconf 91' lang='lat' dir='ltr'><strong>ista</strong></span> <span class='ocrx_word' id='word_1_68' title='bbox 1047 776 1169 843; x_wconf 81' lang='lat' dir='ltr'><strong>volo-17</strong></span> 
     </span>
     <span class='ocr_line' id='line_1_9' title="bbox 118 860 1127 940; baseline -0.001 -19"><span class='ocrx_word' id='word_1_69' title='bbox 118 865 192 922; x_wconf 90' lang='lat' dir='ltr'><strong>mina</strong></span> <span class='ocrx_word' id='word_1_70' title='bbox 219 863 335 940; x_wconf 80' lang='lat' dir='ltr'><strong>peregit</strong></span> <span class='ocrx_word' id='word_1_71' title='bbox 361 860 577 937; x_wconf 90' lang='lat' dir='ltr'><strong>electorumque</strong></span> <span class='ocrx_word' id='word_1_72' title='bbox 599 861 815 920; x_wconf 90' lang='lat' dir='ltr'><strong>commentarios</strong></span> <span class='ocrx_word' id='word_1_73' title='bbox 842 869 955 920; x_wconf 90' lang='lat' dir='ltr'><strong>centum</strong></span> <span class='ocrx_word' id='word_1_74' title='bbox 980 861 1127 937; x_wconf 74' lang='lat' dir='ltr'><strong>sexaginta</strong></span> 
     </span>
     <span class='ocr_line' id='line_1_10' title="bbox 118 943 1126 1024; baseline 0 -19"><span class='ocrx_word' id='word_1_75' title='bbox 118 946 187 1005; x_wconf 92' lang='lat' dir='ltr'><strong>mibi</strong></span> <span class='ocrx_word' id='word_1_76' title='bbox 201 945 332 1024; x_wconf 89' lang='lat' dir='ltr'><strong>reliquit,</strong></span> <span class='ocrx_word' id='word_1_77' title='bbox 352 943 594 1023; x_wconf 78' lang='lat' dir='ltr'><strong>opisthographos</strong></span> <span class='ocrx_word' id='word_1_78' title='bbox 609 943 722 1022; x_wconf 89' lang='lat' dir='ltr'><strong>quidem</strong></span> <span class='ocrx_word' id='word_1_79' title='bbox 736 952 765 1004; x_wconf 90' lang='lat' dir='ltr'><strong>et</strong></span> <span class='ocrx_word' id='word_1_80' title='bbox 779 944 964 1004; x_wconf 76' lang='lat' dir='ltr'><strong>minutissime</strong></span> <span class='ocrx_word' id='word_1_81' title='bbox 986 945 1126 1023; x_wconf 88' lang='lat' dir='ltr'><strong>scriptos;</strong></span> 
     </span>
    </p>

    <p class='ocr_par' dir='ltr' id='par_1_5' title="bbox 88 1025 1171 1443">
     <span class='ocr_line' id='line_1_11' title="bbox 88 1025 1127 1108; baseline -0.007 -14"><span class='ocrx_word' id='word_1_82' title='bbox 88 1042 112 1094; x_wconf 84' lang='lat' dir='ltr'><strong>lo</strong></span> <span class='ocrx_word' id='word_1_83' title='bbox 121 1047 176 1108; x_wconf 92' lang='lat' dir='ltr'><strong>qua</strong></span> <span class='ocrx_word' id='word_1_84' title='bbox 190 1032 300 1089; x_wconf 89' lang='lat' dir='ltr'><strong>ratione</strong></span> <span class='ocrx_word' id='word_1_85' title='bbox 314 1027 516 1107; x_wconf 82' lang='lat' dir='ltr'><strong>multiplicatur</strong></span> <span class='ocrx_word' id='word_1_86' title='bbox 526 1027 572 1086; x_wconf 92' lang='lat' dir='ltr'><strong>hio</strong></span> <span class='ocrx_word' id='word_1_87' title='bbox 582 1045 725 1087; x_wconf 88' lang='lat' dir='ltr'><strong>numems.</strong></span> <span class='ocrx_word' id='word_1_88' title='bbox 748 1025 904 1088; x_wconf 85' lang='lat' dir='ltr'><strong>Referebat</strong></span> <span class='ocrx_word' id='word_1_89' title='bbox 919 1029 983 1106; x_wconf 89' lang='lat' dir='ltr'><strong>ipsc</strong></span> <span class='ocrx_word' id='word_1_90' title='bbox 997 1030 1127 1107; x_wconf 87' lang='lat' dir='ltr'><strong>potuisse</strong></span> 
     </span>
     <span class='ocr_line' id='line_1_12' title="bbox 120 1110 1127 1190; baseline -0.002 -16"><span class='ocrx_word' id='word_1_91' title='bbox 120 1134 170 1190; x_wconf 86' lang='lat' dir='ltr'><strong>sc,</strong></span> <span class='ocrx_word' id='word_1_92' title='bbox 196 1131 260 1172; x_wconf 89' lang='lat' dir='ltr'><strong>cum</strong></span> <span class='ocrx_word' id='word_1_93' title='bbox 283 1121 451 1189; x_wconf 89' lang='lat' dir='ltr'><strong>procuraret</strong></span> <span class='ocrx_word' id='word_1_94' title='bbox 470 1114 498 1170; x_wconf 95' lang='lat' dir='ltr'><strong>in</strong></span> <span class='ocrx_word' id='word_1_95' title='bbox 518 1110 669 1189; x_wconf 83' lang='lat' dir='ltr'><strong>Hispania,</strong></span> <span class='ocrx_word' id='word_1_96' title='bbox 694 1111 820 1171; x_wconf 88' lang='lat' dir='ltr'><strong>vendere</strong></span> <span class='ocrx_word' id='word_1_97' title='bbox 839 1111 892 1170; x_wconf 90' lang='lat' dir='ltr'><strong>hos</strong></span> <span class='ocrx_word' id='word_1_98' title='bbox 911 1115 1127 1172; x_wconf 87' lang='lat' dir='ltr'><strong>commentarios</strong></span> 
     </span>
     <span class='ocr_line' id='line_1_13' title="bbox 119 1194 1127 1273; baseline -0.002 -17"><span class='ocrx_word' id='word_1_99' title='bbox 119 1197 223 1273; x_wconf 82' lang='lat' dir='ltr'><strong>largio</strong></span> <span class='ocrx_word' id='word_1_100' title='bbox 237 1196 334 1256; x_wconf 84' lang='lat' dir='ltr'><strong>Licino</strong></span> <span class='ocrx_word' id='word_1_101' title='bbox 346 1195 558 1273; x_wconf 84' lang='lat' dir='ltr'><strong>quadringentis</strong></span> <span class='ocrx_word' id='word_1_102' title='bbox 569 1194 681 1254; x_wconf 90' lang='lat' dir='ltr'><strong>milibus</strong></span> <span class='ocrx_word' id='word_1_103' title='bbox 695 1212 847 1270; x_wconf 86' lang='lat' dir='ltr'><strong>nummum,</strong></span> <span class='ocrx_word' id='word_1_104' title='bbox 862 1204 891 1253; x_wconf 86' lang='lat' dir='ltr'><strong>et</strong></span> <span class='ocrx_word' id='word_1_105' title='bbox 905 1203 972 1253; x_wconf 90' lang='lat' dir='ltr'><strong>tunc</strong></span> <span class='ocrx_word' id='word_1_106' title='bbox 984 1194 1127 1272; x_wconf 90' lang='lat' dir='ltr'><strong>aliquanto</strong></span> 
     </span>
     <span class='ocr_line' id='line_1_14' title="bbox 119 1276 1171 1359; baseline 0.002 -19"><span class='ocrx_word' id='word_1_107' title='bbox 119 1282 275 1359; x_wconf 88' lang='lat' dir='ltr'><strong>pauciores</strong></span> <span class='ocrx_word' id='word_1_108' title='bbox 287 1289 375 1339; x_wconf 90' lang='lat' dir='ltr'><strong>erant.</strong></span> <span class='ocrx_word' id='word_1_109' title='bbox 393 1276 495 1338; x_wconf 90' lang='lat' dir='ltr'><strong>Nonne</strong></span> <span class='ocrx_word' id='word_1_110' title='bbox 507 1277 619 1337; x_wconf 90' lang='lat' dir='ltr'><strong>videtur</strong></span> <span class='ocrx_word' id='word_1_111' title='bbox 629 1277 680 1338; x_wconf 90' lang='lat' dir='ltr'><strong>tibi</strong></span> <span class='ocrx_word' id='word_1_112' title='bbox 693 1276 854 1336; x_wconf 89' lang='lat' dir='ltr'><strong>recordanti</strong></span> <span class='ocrx_word' id='word_1_113' title='bbox 867 1286 1000 1354; x_wconf 93' lang='lat' dir='ltr'><strong>quantum</strong></span> <span class='ocrx_word' id='word_1_114' title='bbox 1013 1276 1128 1355; x_wconf 86' lang='lat' dir='ltr'><strong>legerit,</strong></span> <span class='ocrx_word' id='word_1_115' title='bbox 1138 1290 1171 1342; x_wconf 89' lang='grc'><strong>18</strong></span> 
     </span>
     <span class='ocr_line' id='line_1_15' title="bbox 121 1359 1129 1443; baseline -0.003 -20"><span class='ocrx_word' id='word_1_116' title='bbox 121 1373 258 1443; x_wconf 90' lang='lat' dir='ltr'><strong>quantum</strong></span> <span class='ocrx_word' id='word_1_117' title='bbox 273 1363 439 1440; x_wconf 81' lang='lat' dir='ltr'><strong>scripserit,</strong></span> <span class='ocrx_word' id='word_1_118' title='bbox 460 1363 558 1420; x_wconf 91' lang='lat' dir='ltr'><strong>necin</strong></span> <span class='ocrx_word' id='word_1_119' title='bbox 577 1361 679 1421; x_wconf 85' lang='lat' dir='ltr'><strong>officiis</strong></span> <span class='ocrx_word' id='word_1_120' title='bbox 695 1359 760 1421; x_wconf 92' lang='lat' dir='ltr'><strong>ullis</strong></span> <span class='ocrx_word' id='word_1_121' title='bbox 774 1378 829 1419; x_wconf 93' lang='lat' dir='ltr'><strong>nec</strong></span> <span class='ocrx_word' id='word_1_122' title='bbox 844 1361 873 1418; x_wconf 93' lang='lat' dir='ltr'><strong>in</strong></span> <span class='ocrx_word' id='word_1_123' title='bbox 889 1361 1010 1420; x_wconf 90' lang='lat' dir='ltr'><strong>amicitia</strong></span> <span class='ocrx_word' id='word_1_124' title='bbox 1024 1363 1129 1439; x_wconf 90' lang='lat' dir='ltr'><strong>princi·</strong></span> 
     </span>
    </p>

    <p class='ocr_par' dir='ltr' id='par_1_6' title="bbox 88 1443 1172 1862">
     <span class='ocr_line' id='line_1_16' title="bbox 88 1443 1128 1528; baseline -0.005 -20"><span class='ocrx_word' id='word_1_125' title='bbox 88 1450 167 1528; x_wconf 59' lang='lat' dir='ltr'><strong>[apis</strong></span> <span class='ocrx_word' id='word_1_126' title='bbox 183 1448 291 1523; x_wconf 87' lang='lat' dir='ltr'><strong>luisse,</strong></span> <span class='ocrx_word' id='word_1_127' title='bbox 310 1464 426 1523; x_wconf 88' lang='lat' dir='ltr'><strong>rursus,</strong></span> <span class='ocrx_word' id='word_1_128' title='bbox 449 1462 513 1504; x_wconf 91' lang='lat' dir='ltr'><strong>cum</strong></span> <span class='ocrx_word' id='word_1_129' title='bbox 534 1444 614 1504; x_wconf 91' lang='lat' dir='ltr'><strong>audis</strong></span> <span class='ocrx_word' id='word_1_130' title='bbox 633 1444 701 1524; x_wconf 90' lang='lat' dir='ltr'><strong>quid</strong></span> <span class='ocrx_word' id='word_1_131' title='bbox 721 1444 820 1505; x_wconf 88' lang='lat' dir='ltr'><strong>studiis</strong></span> <span class='ocrx_word' id='word_1_132' title='bbox 837 1443 943 1504; x_wconf 91' lang='lat' dir='ltr'><strong>laboris</strong></span> <span class='ocrx_word' id='word_1_133' title='bbox 957 1443 1128 1522; x_wconf 88' lang='lat' dir='ltr'><strong>inpenderit,</strong></span> 
     </span>
     <span class='ocr_line' id='line_1_17' title="bbox 120 1526 1130 1610; baseline -0.004 -19"><span class='ocrx_word' id='word_1_134' title='bbox 120 1551 178 1592; x_wconf 92' lang='lat' dir='ltr'><strong>nec</strong></span> <span class='ocrx_word' id='word_1_135' title='bbox 194 1531 347 1610; x_wconf 84' lang='lat' dir='ltr'><strong>scripsisse</strong></span> <span class='ocrx_word' id='word_1_136' title='bbox 364 1532 432 1591; x_wconf 90' lang='lat' dir='ltr'><strong>satis</strong></span> <span class='ocrx_word' id='word_1_137' title='bbox 447 1547 502 1589; x_wconf 88' lang='lat' dir='ltr'><strong>nec</strong></span> <span class='ocrx_word' id='word_1_138' title='bbox 517 1526 648 1607; x_wconf 78' lang='lat' dir='ltr'><strong>legisse?</strong></span> <span class='ocrx_word' id='word_1_139' title='bbox 673 1527 747 1602; x_wconf 84' lang='lat' dir='ltr'><strong>Quid</strong></span> <span class='ocrx_word' id='word_1_140' title='bbox 767 1538 812 1589; x_wconf 90' lang='lat' dir='ltr'><strong>est</strong></span> <span class='ocrx_word' id='word_1_141' title='bbox 831 1529 904 1588; x_wconf 92' lang='lat' dir='ltr'><strong>enim</strong></span> <span class='ocrx_word' id='word_1_142' title='bbox 920 1528 997 1606; x_wconf 91' lang='lat' dir='ltr'><strong>quod</strong></span> <span class='ocrx_word' id='word_1_143' title='bbox 1011 1545 1068 1587; x_wconf 92' lang='lat' dir='ltr'><strong>nou</strong></span> <span class='ocrx_word' id='word_1_144' title='bbox 1083 1538 1130 1588; x_wconf 90' lang='lat' dir='ltr'><strong>aut</strong></span> 
     </span>
     <span class='ocr_line' id='line_1_18' title="bbox 121 1612 1129 1694; baseline -0.006 -19"><span class='ocrx_word' id='word_1_145' title='bbox 121 1615 189 1676; x_wconf 91' lang='lat' dir='ltr'><strong>illae</strong></span> <span class='ocrx_word' id='word_1_146' title='bbox 212 1616 418 1694; x_wconf 88' lang='lat' dir='ltr'><strong>occupationes</strong></span> <span class='ocrx_word' id='word_1_147' title='bbox 438 1614 568 1694; x_wconf 87' lang='lat' dir='ltr'><strong>inpedire</strong></span> <span class='ocrx_word' id='word_1_148' title='bbox 585 1623 632 1673; x_wconf 89' lang='lat' dir='ltr'><strong>aut</strong></span> <span class='ocrx_word' id='word_1_149' title='bbox 647 1614 719 1674; x_wconf 90' lang='lat' dir='ltr'><strong>hacc</strong></span> <span class='ocrx_word' id='word_1_150' title='bbox 740 1615 870 1674; x_wconf 91' lang='lat' dir='ltr'><strong>instantia</strong></span> <span class='ocrx_word' id='word_1_151' title='bbox 883 1631 939 1672; x_wconf 94' lang='lat' dir='ltr'><strong>non</strong></span> <span class='ocrx_word' id='word_1_152' title='bbox 959 1615 1052 1692; x_wconf 88' lang='lat' dir='ltr'><strong>possit</strong></span> <span class='ocrx_word' id='word_1_153' title='bbox 1068 1612 1129 1671; x_wconf 88' lang='lat' dir='ltr'><strong>elli-</strong></span> 
     </span>
     <span class='ocr_line' id='line_1_19' title="bbox 123 1697 1172 1778; baseline -0.002 -18"><span class='ocrx_word' id='word_1_154' title='bbox 123 1697 215 1760; x_wconf 83' lang='lat' dir='ltr'><strong>ocre?</strong></span> <span class='ocrx_word' id='word_1_155' title='bbox 235 1698 334 1778; x_wconf 90' lang='lat' dir='ltr'><strong>ltaque</strong></span> <span class='ocrx_word' id='word_1_156' title='bbox 349 1698 432 1759; x_wconf 90' lang='lat' dir='ltr'><strong>soleo</strong></span> <span class='ocrx_word' id='word_1_157' title='bbox 446 1698 559 1775; x_wconf 91' lang='lat' dir='ltr'><strong>ridere,</strong></span> <span class='ocrx_word' id='word_1_158' title='bbox 575 1715 638 1756; x_wconf 91' lang='lat' dir='ltr'><strong>cum</strong></span> <span class='ocrx_word' id='word_1_159' title='bbox 654 1716 698 1757; x_wconf 92' lang='lat' dir='ltr'><strong>me</strong></span> <span class='ocrx_word' id='word_1_160' title='bbox 716 1697 829 1775; x_wconf 90' lang='lat' dir='ltr'><strong>quidam</strong></span> <span class='ocrx_word' id='word_1_161' title='bbox 845 1697 1001 1759; x_wconf 89' lang='lat' dir='ltr'><strong>studiosum</strong></span> <span class='ocrx_word' id='word_1_162' title='bbox 1012 1706 1127 1774; x_wconf 86' lang='lat' dir='ltr'><strong>vocant,</strong></span> <span class='ocrx_word' id='word_1_163' title='bbox 1139 1703 1172 1758; x_wconf 89' lang='lat'><strong>19</strong></span> 
     </span>
     <span class='ocr_line' id='line_1_20' title="bbox 123 1780 1128 1862; baseline -0.003 -21"><span class='ocrx_word' id='word_1_164' title='bbox 123 1785 184 1860; x_wconf 93' lang='lat' dir='ltr'><strong>qui,</strong></span> <span class='ocrx_word' id='word_1_165' title='bbox 200 1785 224 1842; x_wconf 89' lang='lat' dir='ltr'><strong>si</strong></span> <span class='ocrx_word' id='word_1_166' title='bbox 239 1801 388 1862; x_wconf 89' lang='lat' dir='ltr'><strong>comparer</strong></span> <span class='ocrx_word' id='word_1_167' title='bbox 402 1781 454 1859; x_wconf 89' lang='lat' dir='ltr'><strong>illi,</strong></span> <span class='ocrx_word' id='word_1_168' title='bbox 470 1800 532 1842; x_wconf 92' lang='lat' dir='ltr'><strong>sum</strong></span> <span class='ocrx_word' id='word_1_169' title='bbox 547 1781 796 1842; x_wconf 85' lang='lat' dir='ltr'><strong>desidiosissimos.</strong></span> <span class='ocrx_word' id='word_1_170' title='bbox 825 1780 890 1858; x_wconf 85' lang='lat' dir='ltr'><strong>Ego</strong></span> <span class='ocrx_word' id='word_1_171' title='bbox 904 1790 997 1841; x_wconf 91' lang='lat' dir='ltr'><strong>autern</strong></span> <span class='ocrx_word' id='word_1_172' title='bbox 1011 1788 1128 1857; x_wconf 90' lang='lat' dir='ltr'><strong>tanturn,</strong></span> 
     </span>
    </p>

    <p class='ocr_par' dir='ltr' id='par_1_7' title="bbox 88 1862 1186 2279">
     <span class='ocr_line' id='line_1_21' title="bbox 88 1862 1129 1946; baseline -0.004 -20"><span class='ocrx_word' id='word_1_173' title='bbox 88 1881 114 1932; x_wconf 79' lang='lat' dir='ltr'><strong>to</strong></span> <span class='ocrx_word' id='word_1_174' title='bbox 124 1885 210 1945; x_wconf 88' lang='lat' dir='ltr'><strong>quem</strong></span> <span class='ocrx_word' id='word_1_175' title='bbox 224 1869 324 1946; x_wconf 90' lang='lat' dir='ltr'><strong>partim</strong></span> <span class='ocrx_word' id='word_1_176' title='bbox 338 1865 453 1944; x_wconf 91' lang='lat' dir='ltr'><strong>publica</strong></span> <span class='ocrx_word' id='word_1_177' title='bbox 467 1867 568 1943; x_wconf 91' lang='lat' dir='ltr'><strong>partim</strong></span> <span class='ocrx_word' id='word_1_178' title='bbox 583 1868 736 1924; x_wconf 88' lang='lat' dir='ltr'><strong>amicorum</strong></span> <span class='ocrx_word' id='word_1_179' title='bbox 753 1865 848 1924; x_wconf 86' lang='lat' dir='ltr'><strong>cilicia</strong></span> <span class='ocrx_word' id='word_1_180' title='bbox 859 1862 1048 1942; x_wconf 80' lang='lat' dir='ltr'><strong>distringunt?</strong></span> <span class='ocrx_word' id='word_1_181' title='bbox 1067 1867 1129 1942; x_wconf 89' lang='lat' dir='ltr'><strong>quis</strong></span> 
     </span>
     <span class='ocr_line' id='line_1_22' title="bbox 122 1947 1130 2027; baseline -0.004 -16"><span class='ocrx_word' id='word_1_182' title='bbox 122 1970 161 2011; x_wconf 84' lang='lat' dir='ltr'><strong>ex</strong></span> <span class='ocrx_word' id='word_1_183' title='bbox 181 1952 244 2010; x_wconf 89' lang='lat' dir='ltr'><strong>istis</strong></span> <span class='ocrx_word' id='word_1_184' title='bbox 266 1952 314 2027; x_wconf 92' lang='lat' dir='ltr'><strong>qui</strong></span> <span class='ocrx_word' id='word_1_185' title='bbox 334 1959 395 2009; x_wconf 92' lang='lat' dir='ltr'><strong>tota</strong></span> <span class='ocrx_word' id='word_1_186' title='bbox 413 1950 471 2008; x_wconf 86' lang='lat' dir='ltr'><strong>vita</strong></span> <span class='ocrx_word' id='word_1_187' title='bbox 491 1947 595 2007; x_wconf 88' lang='lat' dir='ltr'><strong>litteris</strong></span> <span class='ocrx_word' id='word_1_188' title='bbox 615 1947 745 2007; x_wconf 90' lang='lat' dir='ltr'><strong>adsident</strong></span> <span class='ocrx_word' id='word_1_189' title='bbox 767 1947 888 2008; x_wconf 88' lang='lat' dir='ltr'><strong>collatus</strong></span> <span class='ocrx_word' id='word_1_190' title='bbox 909 1947 950 2006; x_wconf 89' lang='lat' dir='ltr'><strong>illi</strong></span> <span class='ocrx_word' id='word_1_191' title='bbox 972 1965 1028 2006; x_wconf 95' lang='lat' dir='ltr'><strong>non</strong></span> <span class='ocrx_word' id='word_1_192' title='bbox 1049 1949 1130 2024; x_wconf 89' lang='lat' dir='ltr'><strong>quasi</strong></span> 
     </span>
     <span class='ocr_line' id='line_1_23' title="bbox 121 2027 1174 2108; baseline -0.005 -14"><span class='ocrx_word' id='word_1_193' title='bbox 121 2050 224 2094; x_wconf 91' lang='lat' dir='ltr'><strong>somno</strong></span> <span class='ocrx_word' id='word_1_194' title='bbox 240 2043 269 2091; x_wconf 93' lang='lat' dir='ltr'><strong>et</strong></span> <span class='ocrx_word' id='word_1_195' title='bbox 283 2033 402 2091; x_wconf 87' lang='lat' dir='ltr'><strong>inertiae</strong></span> <span class='ocrx_word' id='word_1_196' title='bbox 419 2030 531 2090; x_wconf 86' lang='lat' dir='ltr'><strong>deditus</strong></span> <span class='ocrx_word' id='word_1_197' title='bbox 545 2027 717 2088; x_wconf 78' lang='lat' dir='ltr'><strong>erubescat?</strong></span> <span class='ocrx_word' id='word_1_198' title='bbox 739 2028 862 2089; x_wconf 80' lang='lat' dir='ltr'><strong>Extendi</strong></span> <span class='ocrx_word' id='word_1_199' title='bbox 878 2030 1042 2108; x_wconf 83' lang='lat' dir='ltr'><strong>epistulam,</strong></span> <span class='ocrx_word' id='word_1_200' title='bbox 1067 2039 1174 2089; x_wconf 71' lang='lat' dir='ltr'><strong>cumto</strong></span> 
     </span>
     <span class='ocr_line' id='line_1_24' title="bbox 121 2111 1131 2192; baseline -0.007 -15"><span class='ocrx_word' id='word_1_201' title='bbox 121 2118 181 2177; x_wconf 92' lang='lat' dir='ltr'><strong>hoc</strong></span> <span class='ocrx_word' id='word_1_202' title='bbox 197 2115 290 2176; x_wconf 85' lang='lat' dir='ltr'><strong>solum</strong></span> <span class='ocrx_word' id='word_1_203' title='bbox 307 2113 384 2192; x_wconf 96' lang='lat' dir='ltr'><strong>quod</strong></span> <span class='ocrx_word' id='word_1_204' title='bbox 397 2113 564 2191; x_wconf 89' lang='lat' dir='ltr'><strong>requirebas</strong></span> <span class='ocrx_word' id='word_1_205' title='bbox 579 2113 708 2171; x_wconf 89' lang='lat' dir='ltr'><strong>scribere</strong></span> <span class='ocrx_word' id='word_1_206' title='bbox 722 2112 926 2188; x_wconf 88' lang='lat' dir='ltr'><strong>destinassem,</strong></span> <span class='ocrx_word' id='word_1_207' title='bbox 949 2129 1022 2188; x_wconf 89' lang='lat' dir='ltr'><strong>quos</strong></span> <span class='ocrx_word' id='word_1_208' title='bbox 1043 2111 1131 2171; x_wconf 88' lang='lat' dir='ltr'><strong>libros</strong></span> 
     </span>
     <span class='ocr_line' id='line_1_25' title="bbox 123 2194 1186 2279; baseline -0.008 -19"><span class='ocrx_word' id='word_1_209' title='bbox 123 2200 308 2279; x_wconf 89' lang='lat' dir='ltr'><strong>reliquisset:</strong></span> <span class='ocrx_word' id='word_1_210' title='bbox 335 2196 447 2258; x_wconf 90' lang='lat' dir='ltr'><strong>conlido</strong></span> <span class='ocrx_word' id='word_1_211' title='bbox 469 2206 562 2256; x_wconf 92' lang='lat' dir='ltr'><strong>tamen</strong></span> <span class='ocrx_word' id='word_1_212' title='bbox 582 2194 655 2255; x_wconf 90' lang='lat' dir='ltr'><strong>haec</strong></span> <span class='ocrx_word' id='word_1_213' title='bbox 673 2211 787 2273; x_wconf 89' lang='lat' dir='ltr'><strong>quoque</strong></span> <span class='ocrx_word' id='word_1_214' title='bbox 807 2195 857 2254; x_wconf 89' lang='lat' dir='ltr'><strong>tibi</strong></span> <span class='ocrx_word' id='word_1_215' title='bbox 877 2212 934 2253; x_wconf 94' lang='lat' dir='ltr'><strong>uon</strong></span> <span class='ocrx_word' id='word_1_216' title='bbox 948 2194 1038 2252; x_wconf 90' lang='lat' dir='ltr'><strong>miuus</strong></span> <span class='ocrx_word' id='word_1_217' title='bbox 1054 2204 1132 2270; x_wconf 89' lang='lat' dir='ltr'><strong>grata</strong></span> <span class='ocrx_word' id='word_1_218' title='bbox 1182 2246 1186 2251; x_wconf 82' lang='grc'><em>.</em></span> 
     </span>
    </p>

    <p class='ocr_par' dir='ltr' id='par_1_8' title="bbox 88 2275 1156 2513">
     <span class='ocr_line' id='line_1_26' title="bbox 88 2275 1156 2364; baseline -0.009 -20"><span class='ocrx_word' id='word_1_219' title='bbox 88 2295 114 2344; x_wconf 75' lang='lat'><strong>25</strong></span> <span class='ocrx_word' id='word_1_220' title='bbox 126 2303 212 2364; x_wconf 92' lang='lat' dir='ltr'><strong>quam</strong></span> <span class='ocrx_word' id='word_1_221' title='bbox 227 2285 308 2362; x_wconf 91' lang='lat' dir='ltr'><strong>ipsos</strong></span> <span class='ocrx_word' id='word_1_222' title='bbox 323 2281 411 2341; x_wconf 87' lang='lat' dir='ltr'><strong>libros</strong></span> <span class='ocrx_word' id='word_1_223' title='bbox 426 2282 528 2355; x_wconf 90' lang='lat' dir='ltr'><strong>lutura,</strong></span> <span class='ocrx_word' id='word_1_224' title='bbox 545 2297 618 2357; x_wconf 90' lang='lat' dir='ltr'><strong>quae</strong></span> <span class='ocrx_word' id='word_1_225' title='bbox 630 2288 659 2338; x_wconf 92' lang='lat' dir='ltr'><strong>te</strong></span> <span class='ocrx_word' id='word_1_226' title='bbox 675 2296 732 2339; x_wconf 95' lang='lat' dir='ltr'><strong>non</strong></span> <span class='ocrx_word' id='word_1_227' title='bbox 744 2287 852 2339; x_wconf 90' lang='lat' dir='ltr'><strong>tantum</strong></span> <span class='ocrx_word' id='word_1_228' title='bbox 868 2277 903 2338; x_wconf 91' lang='lat' dir='ltr'><strong>ad</strong></span> <span class='ocrx_word' id='word_1_229' title='bbox 918 2275 1059 2352; x_wconf 87' lang='lat' dir='ltr'><strong>legendos</strong></span> <span class='ocrx_word' id='word_1_230' title='bbox 1081 2294 1133 2335; x_wconf 86' lang='lat' dir='ltr'><strong>eos</strong></span> <span class='ocrx_word' id='word_1_231' title='bbox 1154 2317 1156 2323; x_wconf 39' lang='grc' dir='ltr'><strong><em>ι</em></strong></span> 
     </span>
     <span class='ocr_line' id='line_1_27' title="bbox 124 2360 1133 2441; baseline -0.009 -14"><span class='ocrx_word' id='word_1_232' title='bbox 124 2385 224 2429; x_wconf 89' lang='lat' dir='ltr'><strong>vemm</strong></span> <span class='ocrx_word' id='word_1_233' title='bbox 239 2365 371 2427; x_wconf 91' lang='lat' dir='ltr'><strong>etiamad</strong></span> <span class='ocrx_word' id='word_1_234' title='bbox 386 2365 478 2425; x_wconf 91' lang='lat' dir='ltr'><strong>simile</strong></span> <span class='ocrx_word' id='word_1_235' title='bbox 499 2363 605 2441; x_wconf 92' lang='lat' dir='ltr'><strong>aliquid</strong></span> <span class='ocrx_word' id='word_1_236' title='bbox 620 2362 819 2423; x_wconf 88' lang='lat' dir='ltr'><strong>elaborandum</strong></span> <span class='ocrx_word' id='word_1_237' title='bbox 835 2368 956 2441; x_wconf 88' lang='lat' dir='ltr'><strong>possunt</strong></span> <span class='ocrx_word' id='word_1_238' title='bbox 970 2360 1133 2420; x_wconf 89' lang='lat' dir='ltr'><strong>aemulatio-</strong></span> 
     </span>
     <span class='ocr_line' id='line_1_28' title="bbox 125 2447 561 2513; baseline -0.018 0"><span class='ocrx_word' id='word_1_239' title='bbox 125 2455 169 2513; x_wconf 92' lang='lat' dir='ltr'><strong>uis</strong></span> <span class='ocrx_word' id='word_1_240' title='bbox 185 2450 305 2512; x_wconf 90' lang='lat' dir='ltr'><strong>stimulis</strong></span> <span class='ocrx_word' id='word_1_241' title='bbox 322 2451 457 2511; x_wconf 86' lang='lat' dir='ltr'><strong>excitare.</strong></span> <span class='ocrx_word' id='word_1_242' title='bbox 481 2447 561 2508; x_wconf 78' lang='lat' dir='ltr'><strong>Vale.</strong></span> 
     </span>
    </p>
   </div>
   <div class='ocr_carea' id='block_1_4' title="bbox 353 2579 907 2732">
    <p class='ocr_par' dir='ltr' id='par_1_9' title="bbox 353 2579 907 2732">
     <span class='ocr_line' id='line_1_29' title="bbox 609 2579 658 2640; baseline -0.02 0"><span class='ocrx_word' id='word_1_243' title='bbox 609 2579 658 2640; x_wconf 84' lang='lat' dir='ltr'><strong>vl.</strong></span> 
     </span>
     <span class='ocr_line' id='line_1_30' title="bbox 353 2675 907 2732; baseline -0.004 0"><span class='ocrx_word' id='word_1_244' title='bbox 353 2681 379 2732; x_wconf 88' lang='lat' dir='ltr'><strong>c.</strong></span> <span class='ocrx_word' id='word_1_245' title='bbox 397 2680 523 2732; x_wconf 76' lang='lat' dir='ltr'><strong>surmus</strong></span> <span class='ocrx_word' id='word_1_246' title='bbox 541 2679 640 2731; x_wconf 80' lang='lat' dir='ltr'><strong>nuum</strong></span> <span class='ocrx_word' id='word_1_247' title='bbox 658 2677 785 2729; x_wconf 81' lang='lat' dir='ltr'><strong>suvuno</strong></span> <span class='ocrx_word' id='word_1_248' title='bbox 801 2677 862 2728; x_wconf 88' lang='lat' dir='ltr'><strong>suo</strong></span> <span class='ocrx_word' id='word_1_249' title='bbox 880 2675 907 2730; x_wconf 81' lang='lat' dir='ltr'><strong>S.</strong></span> 
     </span>
    </p>
   </div>
   <div class='ocr_carea' id='block_1_5' title="bbox 88 2778 1161 3516">
    <p class='ocr_par' dir='ltr' id='par_1_10' title="bbox 128 2778 1161 3116">
     <span class='ocr_line' id='line_1_31' title="bbox 191 2778 1157 2862; baseline -0.007 -17"><span class='ocrx_word' id='word_1_250' title='bbox 191 2785 237 2845; x_wconf 83' lang='lat' dir='ltr'><strong>Er</strong></span> <span class='ocrx_word' id='word_1_251' title='bbox 255 2784 414 2845; x_wconf 90' lang='lat' dir='ltr'><strong>hereditate</strong></span> <span class='ocrx_word' id='word_1_252' title='bbox 430 2801 502 2862; x_wconf 91' lang='lat' dir='ltr'><strong>quae</strong></span> <span class='ocrx_word' id='word_1_253' title='bbox 519 2783 586 2843; x_wconf 91' lang='lat' dir='ltr'><strong>mibi</strong></span> <span class='ocrx_word' id='word_1_254' title='bbox 602 2783 718 2843; x_wconf 88' lang='lat' dir='ltr'><strong>obvenit</strong></span> <span class='ocrx_word' id='word_1_255' title='bbox 737 2782 792 2841; x_wconf 90' lang='lat' dir='ltr'><strong>cmi</strong></span> <span class='ocrx_word' id='word_1_256' title='bbox 807 2781 936 2859; x_wconf 87' lang='lat' dir='ltr'><strong>proxime</strong></span> <span class='ocrx_word' id='word_1_257' title='bbox 958 2778 1157 2844; x_wconf 82' lang='lat' dir='ltr'><strong>Corinthiumr</strong></span> 
     </span>
     <span class='ocr_line' id='line_1_32' title="bbox 128 2866 1135 2948; baseline -0.008 -18"><span class='ocrx_word' id='word_1_258' title='bbox 128 2872 251 2948; x_wconf 87' lang='lat' dir='ltr'><strong>signum,</strong></span> <span class='ocrx_word' id='word_1_259' title='bbox 267 2870 408 2930; x_wconf 90' lang='lat' dir='ltr'><strong>modicum</strong></span> <span class='ocrx_word' id='word_1_260' title='bbox 422 2866 536 2947; x_wconf 90' lang='lat' dir='ltr'><strong>quidem</strong></span> <span class='ocrx_word' id='word_1_261' title='bbox 550 2867 602 2927; x_wconf 88' lang='lat' dir='ltr'><strong>sed</strong></span> <span class='ocrx_word' id='word_1_262' title='bbox 614 2866 748 2926; x_wconf 90' lang='lat' dir='ltr'><strong>festivum</strong></span> <span class='ocrx_word' id='word_1_263' title='bbox 763 2875 792 2924; x_wconf 93' lang='lat' dir='ltr'><strong>et</strong></span> <span class='ocrx_word' id='word_1_264' title='bbox 807 2882 986 2943; x_wconf 88' lang='lat' dir='ltr'><strong>expressum,</strong></span> <span class='ocrx_word' id='word_1_265' title='bbox 1001 2873 1135 2943; x_wconf 90' lang='lat' dir='ltr'><strong>quantum</strong></span> 
     </span>
     <span class='ocr_line' id='line_1_33' title="bbox 129 2948 1134 3033; baseline -0.01 -19"><span class='ocrx_word' id='word_1_266' title='bbox 129 2970 187 3032; x_wconf 90' lang='lat' dir='ltr'><strong>ego</strong></span> <span class='ocrx_word' id='word_1_267' title='bbox 202 2956 300 3033; x_wconf 91' lang='lat' dir='ltr'><strong>sapio,</strong></span> <span class='ocrx_word' id='word_1_268' title='bbox 316 2956 363 3032; x_wconf 90' lang='lat' dir='ltr'><strong>qui</strong></span> <span class='ocrx_word' id='word_1_269' title='bbox 377 2953 500 3013; x_wconf 86' lang='lat' dir='ltr'><strong>tortasse</strong></span> <span class='ocrx_word' id='word_1_270' title='bbox 516 2952 630 3010; x_wconf 92' lang='lat' dir='ltr'><strong>inomni</strong></span> <span class='ocrx_word' id='word_1_271' title='bbox 645 2969 695 3027; x_wconf 89' lang='lat' dir='ltr'><strong>re,</strong></span> <span class='ocrx_word' id='word_1_272' title='bbox 716 2951 744 3009; x_wconf 89' lang='lat' dir='ltr'><strong>in</strong></span> <span class='ocrx_word' id='word_1_273' title='bbox 760 2948 813 3009; x_wconf 88' lang='lat' dir='ltr'><strong>hae</strong></span> <span class='ocrx_word' id='word_1_274' title='bbox 829 2957 908 3008; x_wconf 89' lang='lat' dir='ltr'><strong>certe</strong></span> <span class='ocrx_word' id='word_1_275' title='bbox 924 2966 1059 3027; x_wconf 91' lang='lat' dir='ltr'><strong>perquam</strong></span> <span class='ocrx_word' id='word_1_276' title='bbox 1076 2948 1134 3006; x_wconf 83' lang='lat' dir='ltr'><strong>exi·</strong></span> 
     </span>
     <span class='ocr_line' id='line_1_34' title="bbox 129 3029 1161 3116; baseline -0.005 -19"><span class='ocrx_word' id='word_1_277' title='bbox 129 3056 217 3116; x_wconf 92' lang='lat' dir='ltr'><strong>guum</strong></span> <span class='ocrx_word' id='word_1_278' title='bbox 240 3039 335 3116; x_wconf 91' lang='lat' dir='ltr'><strong>sapio:</strong></span> <span class='ocrx_word' id='word_1_279' title='bbox 362 3037 418 3097; x_wconf 91' lang='lat' dir='ltr'><strong>boc</strong></span> <span class='ocrx_word' id='word_1_280' title='bbox 439 3045 534 3096; x_wconf 88' lang='lat' dir='ltr'><strong>tamen</strong></span> <span class='ocrx_word' id='word_1_281' title='bbox 556 3036 667 3112; x_wconf 88' lang='lat' dir='ltr'><strong>signum</strong></span> <span class='ocrx_word' id='word_1_282' title='bbox 687 3052 743 3112; x_wconf 89' lang='lat' dir='ltr'><strong>ego</strong></span> <span class='ocrx_word' id='word_1_283' title='bbox 766 3052 881 3112; x_wconf 93' lang='lat' dir='ltr'><strong>quoque</strong></span> <span class='ocrx_word' id='word_1_284' title='bbox 902 3030 1051 3108; x_wconf 87' lang='lat' dir='ltr'><strong>intellego.</strong></span> <span class='ocrx_word' id='word_1_285' title='bbox 1083 3029 1161 3092; x_wconf 64' lang='grc' dir='ltr'><strong>ΕΜ</strong></span> 
     </span>
    </p>

    <p class='ocr_par' dir='ltr' id='par_1_11' title="bbox 88 3113 1137 3369">
     <span class='ocr_line' id='line_1_35' title="bbox 88 3113 1135 3196; baseline -0.017 -10"><span class='ocrx_word' id='word_1_286' title='bbox 88 3134 121 3188; x_wconf 78' lang='lat'><strong>35</strong></span> <span class='ocrx_word' id='word_1_287' title='bbox 132 3124 206 3182; x_wconf 88' lang='lat' dir='ltr'><strong>enim</strong></span> <span class='ocrx_word' id='word_1_288' title='bbox 220 3121 324 3181; x_wconf 91' lang='lat' dir='ltr'><strong>nudum</strong></span> <span class='ocrx_word' id='word_1_289' title='bbox 338 3139 394 3181; x_wconf 94' lang='lat' dir='ltr'><strong>nec</strong></span> <span class='ocrx_word' id='word_1_290' title='bbox 410 3128 457 3180; x_wconf 87' lang='lat' dir='ltr'><strong>aut</strong></span> <span class='ocrx_word' id='word_1_291' title='bbox 471 3119 554 3195; x_wconf 90' lang='lat' dir='ltr'><strong>vitia,</strong></span> <span class='ocrx_word' id='word_1_292' title='bbox 570 3121 594 3178; x_wconf 91' lang='lat' dir='ltr'><strong>si</strong></span> <span class='ocrx_word' id='word_1_293' title='bbox 609 3137 664 3196; x_wconf 91' lang='lat' dir='ltr'><strong>qua</strong></span> <span class='ocrx_word' id='word_1_294' title='bbox 681 3127 756 3195; x_wconf 91' lang='lat' dir='ltr'><strong>sunt,</strong></span> <span class='ocrx_word' id='word_1_295' title='bbox 773 3116 847 3177; x_wconf 85' lang='lat' dir='ltr'><strong>celat</strong></span> <span class='ocrx_word' id='word_1_296' title='bbox 863 3124 910 3175; x_wconf 90' lang='lat' dir='ltr'><strong>aut</strong></span> <span class='ocrx_word' id='word_1_297' title='bbox 923 3113 1022 3173; x_wconf 85' lang='lat' dir='ltr'><strong>laudes</strong></span> <span class='ocrx_word' id='word_1_298' title='bbox 1037 3129 1135 3190; x_wconf 91' lang='lat' dir='ltr'><strong>parum</strong></span> 
     </span>
     <span class='ocr_line' id='line_1_36' title="bbox 131 3197 1134 3282; baseline -0.013 -15"><span class='ocrx_word' id='word_1_299' title='bbox 131 3214 270 3267; x_wconf 89' lang='lat' dir='ltr'><strong>ostentat:</strong></span> <span class='ocrx_word' id='word_1_300' title='bbox 291 3204 402 3282; x_wconf 85' lang='lat' dir='ltr'><strong>effingit</strong></span> <span class='ocrx_word' id='word_1_301' title='bbox 417 3220 515 3264; x_wconf 91' lang='lat' dir='ltr'><strong>senem</strong></span> <span class='ocrx_word' id='word_1_302' title='bbox 531 3210 664 3271; x_wconf 91' lang='lat' dir='ltr'><strong>stantem;</strong></span> <span class='ocrx_word' id='word_1_303' title='bbox 686 3219 762 3278; x_wconf 89' lang='lat' dir='ltr'><strong>ossa,</strong></span> <span class='ocrx_word' id='word_1_304' title='bbox 778 3197 910 3275; x_wconf 88' lang='lat' dir='ltr'><strong>musculi,</strong></span> <span class='ocrx_word' id='word_1_305' title='bbox 927 3197 1017 3272; x_wconf 82' lang='lat' dir='ltr'><strong>nervi,</strong></span> <span class='ocrx_word' id='word_1_306' title='bbox 1032 3212 1134 3271; x_wconf 89' lang='lat' dir='ltr'><strong>venae,</strong></span> 
     </span>
     <span class='ocr_line' id='line_1_37' title="bbox 130 3278 1137 3369; baseline -0.012 -19"><span class='ocrx_word' id='word_1_307' title='bbox 130 3309 220 3369; x_wconf 86' lang='lat' dir='ltr'><strong>mgae</strong></span> <span class='ocrx_word' id='word_1_308' title='bbox 238 3291 322 3350; x_wconf 89' lang='lat' dir='ltr'><strong>etiam</strong></span> <span class='ocrx_word' id='word_1_309' title='bbox 336 3298 366 3349; x_wconf 88' lang='lat' dir='ltr'><strong>ut</strong></span> <span class='ocrx_word' id='word_1_310' title='bbox 381 3287 512 3367; x_wconf 88' lang='lat' dir='ltr'><strong>spirantis</strong></span> <span class='ocrx_word' id='word_1_311' title='bbox 527 3294 675 3365; x_wconf 86' lang='lat' dir='ltr'><strong>apparent,</strong></span> <span class='ocrx_word' id='word_1_312' title='bbox 689 3287 744 3346; x_wconf 89' lang='lat' dir='ltr'><strong>rari</strong></span> <span class='ocrx_word' id='word_1_313' title='bbox 762 3293 791 3344; x_wconf 87' lang='lat' dir='ltr'><strong>et</strong></span> <span class='ocrx_word' id='word_1_314' title='bbox 807 3282 944 3343; x_wconf 89' lang='lat' dir='ltr'><strong>cedentes</strong></span> <span class='ocrx_word' id='word_1_315' title='bbox 958 3278 1064 3358; x_wconf 85' lang='lat' dir='ltr'><strong>capilli,</strong></span> <span class='ocrx_word' id='word_1_316' title='bbox 1081 3278 1137 3339; x_wconf 92' lang='lat' dir='ltr'><strong>lata</strong></span> 
     </span>
    </p>

    <p class='ocr_par' dir='ltr' id='par_1_12' title="bbox 105 3363 1136 3516">
     <span class='ocr_line' id='line_1_38' title="bbox 105 3363 1136 3452; baseline -0.011 -17"><span class='ocrx_word' id='word_1_317' title='bbox 105 3376 109 3383; x_wconf 88' lang='lat'>&#39;</span> <span class='ocrx_word' id='word_1_318' title='bbox 132 3376 224 3452; x_wconf 83' lang='lat' dir='ltr'><strong>frons,</strong></span> <span class='ocrx_word' id='word_1_319' title='bbox 239 3383 384 3435; x_wconf 88' lang='lat' dir='ltr'><strong>contracta</strong></span> <span class='ocrx_word' id='word_1_320' title='bbox 401 3374 502 3447; x_wconf 88' lang='lat' dir='ltr'><strong>iacies,</strong></span> <span class='ocrx_word' id='word_1_321' title='bbox 522 3371 598 3432; x_wconf 87' lang='lat' dir='ltr'><strong>exile</strong></span> <span class='ocrx_word' id='word_1_322' title='bbox 614 3370 729 3446; x_wconf 91' lang='lat' dir='ltr'><strong>collum,</strong></span> <span class='ocrx_word' id='word_1_323' title='bbox 744 3366 871 3447; x_wconf 91' lang='lat' dir='ltr'><strong>pendent</strong></span> <span class='ocrx_word' id='word_1_324' title='bbox 887 3364 997 3441; x_wconf 86' lang='lat' dir='ltr'><strong>lacerti,</strong></span> <span class='ocrx_word' id='word_1_325' title='bbox 1013 3363 1136 3444; x_wconf 87' lang='lat' dir='ltr'><strong>papillae</strong></span> 
     </span>
     <span class='ocr_line' id='line_1_39' title="bbox 173 3446 973 3516; baseline -0.009 0"><span class='ocrx_word' id='word_1_326' title='bbox 173 3464 247 3516; x_wconf 80' lang='lat' dir='ltr'><strong>Prrm</strong></span> <span class='ocrx_word' id='word_1_327' title='bbox 267 3463 315 3516; x_wconf 83' lang='lat' dir='ltr'><strong>En.</strong></span> <span class='ocrx_word' id='word_1_328' title='bbox 666 3463 670 3473; x_wconf 88' lang='lat'>&#39;</span> <span class='ocrx_word' id='word_1_329' title='bbox 952 3446 973 3509; x_wconf 74' lang='grc'>4</span> 
     </span>
    </p>
   </div>
   <div class='ocr_carea' id='block_1_6' title="bbox 88 2717 118 2771">
    <p class='ocr_par' dir='ltr' id='par_1_13' title="bbox 88 2717 118 2771">
     <span class='ocr_line' id='line_1_40' title="bbox 88 2717 118 2771; baseline 0 0"><span class='ocrx_word' id='word_1_330' title='bbox 88 2717 118 2771; x_wconf 71' lang='lat'><strong>30</strong></span> 
     </span>
    </p>
   </div>
   <div class='ocr_carea' id='block_1_7' title="bbox 0 0 1306 4116">
    <p class='ocr_par' dir='ltr' id='par_1_14' title="bbox 0 0 1306 4116">
     <span class='ocr_line' id='line_1_41' title="bbox 0 0 1306 4116; baseline 0 0"><span class='ocrx_word' id='word_1_331' title='bbox 0 0 1306 4116; x_wconf 95' lang='lat' dir='ltr'><strong> </strong></span> 
     </span>
    </p>
   </div>
  </div>
 </body>
</html>
