2588 4116
389 210 651 271 EPISTULARUM
665 211 701 270 ll.
720 221 746 276 7.
762 222 788 275 8.
803 222 829 276 9.
850 224 891 276 lo.
1104 216 1145 279 29

139 383 191 425 sus
206 363 319 422 adfatim
341 371 508 441 suggerunt.
544 361 603 423 Sed
625 364 685 422 sive
703 363 793 424 omnia
807 364 889 424 simul
907 367 967 426 sive
984 365 1089 446 aliquid
1104 368 1168 435 iau

141 450 196 524 cis,
213 464 269 506 non
284 462 402 525 possum
417 445 515 506 dicere
531 444 684 506 ‘invideo’z
705 464 796 525 angor
808 455 900 508 tamen
914 466 970 509 non
987 450 1095 510 etmihi
1110 450 1142 510 li·

141 548 211 591 oere
224 547 296 609 quae
309 529 352 589 sic
365 529 541 609 concupisco
556 539 587 589 ut
603 531 681 607 aegri
695 531 790 589 vinum
807 529 917 591 balinea
931 531 1037 593 fontes.
1058 533 1143 594 Num·

141 631 261 694 quamne
272 611 326 674 hos
337 614 493 674 artissimos
504 610 633 691 laqueos,
651 615 675 674 si
688 612 803 674 solvere
817 625 948 694 negatur,
963 616 1143 696 abrumpam?

112 695 308 776 5Numquam,
324 705 403 775 puto.
420 694 491 756 Nam
505 697 651 756 veteribus
665 698 788 775 negotiis
799 713 872 758 nova
886 698 1075 777 adcrescunt,
1091 715 1171 767 neos

140 790 235 842 nmen
250 782 344 860 priora
359 789 548 861 peraguntur:
570 789 612 840 tot
623 781 761 859 nexibus,
776 790 818 842 tot
835 784 914 860 quasi
932 785 1041 844 catenis
1055 786 1142 846 maius

140 865 168 925 in
184 864 245 926 dies
262 867 479 944 occupationum
495 882 597 942 agmen
609 863 778 924 extenditur.
794 864 875 926 Vale.

543 986 552 999 ‘
595 995 686 1057 Vlll'l.

95 1138 131 1190 10
386 1095 412 1148 0.
433 1094 558 1146 PLINIUS
577 1094 772 1146 npouulnnur
789 1098 849 1148 SUO
866 1098 892 1148 S.

203 1196 322 1257 Anxium
342 1214 387 1257 me
412 1206 442 1258 et
467 1198 623 1276 inquietum
642 1197 728 1258 habet
748 1201 849 1276 petitio
869 1198 949 1260 Senti
970 1199 1056 1260 Eruci
1076 1203 1166 1269 mei.1

138 1281 267 1342 Adicior
289 1297 356 1340 cura
380 1289 409 1339 et
430 1296 513 1358 quam
531 1298 584 1357 pro
605 1298 650 1339 me
673 1280 892 1341 sollicitudinem
909 1299 965 1342 uon
987 1283 1041 1342 adii
1061 1287 1141 1360 quasi

138 1383 192 1445 pro
207 1383 253 1423 me
269 1362 360 1422 altero
376 1365 482 1441 patior;
505 1371 534 1422 et
550 1361 655 1440 alioqui
667 1381 747 1423 meus
761 1363 869 1442 pudor,
885 1381 947 1424 mea
961 1367 1142 1442 existimatio,

136 1467 202 1508 mea
219 1447 338 1524 dignitas
353 1447 381 1505 in
396 1443 548 1507 discrimen
564 1445 720 1507 adducitur.
742 1444 807 1524 Ego
823 1446 912 1508 Sexto
930 1445 1016 1507 latum
1033 1447 1168 1515 clavumo

94 1545 154 1598 15a
178 1528 304 1592 Caesare
324 1538 439 1607 nostro,
466 1546 524 1607 ego
544 1540 722 1608 quaesturam
742 1532 898 1610 inpetrari,
921 1549 985 1591 meo
1007 1532 1142 1609 suffragio

137 1615 270 1694 pervenit
285 1613 319 1674 ad
332 1614 376 1674 ius
392 1614 560 1675 tribunatum
571 1614 703 1694 petendi,
725 1632 810 1693 quem
824 1617 877 1676 nisi
895 1615 1004 1676 obtinet
1018 1618 1045 1674 in
1061 1634 1142 1676 sena·

138 1707 181 1776 tu,
196 1713 300 1758 vereor
315 1716 351 1759 ue
368 1697 521 1777 decepisse
537 1694 690 1779 Gaesarem
703 1699 811 1759 videar.
831 1697 952 1760 Proinde
963 1698 1168 1766 adnitendums

138 1790 185 1842 est
200 1780 267 1841 milri
281 1790 311 1842 ut
326 1779 412 1842 talem
427 1799 491 1842 eum
505 1781 631 1842 iudicent
652 1800 767 1860 omnes,
794 1782 906 1861 qualem
922 1802 989 1844 esse
1004 1785 1141 1863 princeps

136 1864 204 1925 milri
220 1864 350 1926 credidit.
370 1864 450 1938 Quae
466 1884 551 1927 causa
566 1867 590 1926 si
606 1866 727 1926 studium
737 1884 831 1926 meum
841 1884 898 1927 non
910 1868 1050 1945 incitaret,
1066 1867 1142 1927 adio·

93 1958 196 2018 uotum
212 1957 306 2010 tamen
321 1966 458 2028 cuperem
472 1949 605 2009 iuvenem
619 1950 829 2027 probissimum,
849 1951 1061 2029 gravissimum,
1079 1969 1142 2009 eru·

137 2031 323 2107 ditissimum,
346 2032 420 2091 omni
436 2031 558 2110 denique
579 2030 661 2092 laude
678 2033 885 2111 dignissimum,
905 2043 934 2093 et
950 2034 1063 2112 quidem
1079 2052 1141 2092 cum

134 2123 195 2176 tota
207 2115 301 2174 domo.
323 2110 395 2172 Nam
406 2122 488 2192 pater
500 2115 527 2172 ei
537 2112 659 2173 Erucius
673 2111 784 2190 Glams,
801 2116 845 2172 vir
855 2124 981 2192 sanctus,
998 2118 1168 2194 antiquans

135 2196 272 2275 diserws,
287 2204 372 2273 atque
386 2197 414 2255 in
425 2193 543 2271 agendis
562 2197 654 2256 causis
669 2197 852 2272 exercitatus,
869 2215 938 2273 quas
953 2215 1058 2257 summa
1073 2199 1139 2274 lide,

134 2282 196 2361 pari
213 2280 386 2355 constantia,
409 2296 465 2339 nec
475 2276 648 2338 verecundia
660 2279 768 2336 minore
784 2277 921 2337 defendit.
949 2277 1042 2338 Habet
1058 2297 1142 2339 avun-

93 2364 232 2433 fficulum
248 2361 282 2424 (i.
297 2362 473 2440 Septicium,
497 2378 554 2440 quo
569 2359 636 2420 nihil
652 2363 766 2439 verius,
786 2359 855 2421 nihil
877 2360 1052 2438 simplicius,
1072 2361 1139 2420 nihil

137 2447 293 2525 candidius,
309 2444 377 2505 nibil
391 2445 503 2506 fidelius
518 2445 594 2504 novi.
618 2443 723 2505 Omnes
739 2462 785 2505 me
802 2446 930 2505 certatim
944 2454 973 2506 et
988 2454 1081 2505 tamen
1095 2456 1166 2508 ae·5

135 2531 257 2610 qualiter
272 2538 379 2608 amant,
395 2531 522 2590 omnibus
537 2547 612 2589 nunc
625 2543 682 2606 ego
697 2530 724 2587 in
739 2547 794 2589 uno
811 2527 921 2590 reierre
938 2530 1055 2607 gratiam
1072 2547 1139 2608 pos·

135 2633 207 2676 sum.
231 2614 329 2693 ltaque
342 2615 576 2692 prensoamicos,
596 2612 738 2691 supplico,
757 2613 860 2691 ambio,
877 2613 976 2674 domos
988 2614 1139 2675 stationes-

136 2717 193 2778 que
217 2699 378 2776 circumeo,
401 2707 589 2776 quantumque
610 2695 657 2755 vel
679 2698 846 2757 auctoritate
862 2695 909 2758 vel
925 2698 1015 2775 gratia
1029 2697 1138 2758 valeam

93 2782 270 2861 apprecibus
286 2784 429 2861 experior.
462 2779 503 2841 Te
521 2799 635 2859 quoque
651 2781 774 2841 obsecro
791 2789 821 2840 ut
835 2780 956 2860 aliquam
972 2782 1066 2842 oneris
1083 2783 1163 2843 meio

135 2874 244 2946 partem
255 2868 404 2945 suscipere
416 2867 485 2926 tanti
496 2875 591 2943 putes.
608 2862 734 2924 Reddam
745 2865 849 2943 vicem,
865 2867 888 2924 si
900 2880 1058 2944 reposces,
1074 2865 1138 2925 red·

135 2950 198 3010 dam
209 2958 238 3011 et
249 2951 274 3010 si
284 2966 339 3009 non
352 2966 503 3027 reposces.
522 2947 668 3025 Diligeris,
683 2946 800 3025 coleris,
818 2947 1022 3027 frequentaris:
1041 2957 1136 3010 osten·

135 3032 266 3095 demodo
278 3033 415 3111 vellete,
434 3050 489 3093 uec
499 3031 619 3093 deerunt
631 3032 678 3109 qui
689 3030 766 3110 quod
779 3039 809 3091 tu
826 3031 898 3093 velis
911 3033 1034 3112 cupiant.
1054 3031 1136 3094 Vale.

613 3163 648 3225 X.

408 3264 434 3315 o.
452 3263 576 3314 nunnius
594 3264 731 3314 oonnvno
751 3263 811 3314 suo
830 3264 857 3318 s,

196 3366 344 3426 llomiuem
363 3375 393 3425 tc
409 3366 562 3444 patientem
581 3364 629 3425 rel
649 3368 744 3445 potius
765 3363 863 3424 durum
876 3380 912 3423 ac
926 3379 1017 3440 paene
1036 3360 1160 3424 crude-1

134 3450 203 3528 lem,
220 3450 337 3529 quitum
353 3450 479 3527 insignes
494 3447 583 3510 libros
600 3458 656 3509 tam
670 3449 716 3509 diu
730 3445 844 3508 teneas!
866 3444 1023 3525 Quousque
1038 3454 1067 3507 et
1084 3447 1159 3506 tibia

91 3210 124 3265 35
