2588 4116
236 258 302 321 256
661 254 694 315 C.
714 253 811 316 Pllb'l

241 422 272 471 ut
291 408 358 469 nihil
381 408 516 468 imbribus
537 409 677 487 caeloque
692 408 825 473 deberet:
845 405 987 483 siqnidem
999 408 1125 484 proprio
1140 423 1246 484 semper

241 513 323 554 amne
346 492 480 572 perfusa,
506 511 561 552 nec
585 492 641 552 alio
665 510 774 569 genere
794 509 928 568 aquarum
948 489 1033 549 solita
1058 492 1244 568 pinguescere

243 596 326 658 quam
342 596 412 656 quas
427 578 489 655 ipsa
505 576 676 653 devexerat,
696 577 779 635 tantis
794 573 943 652 segetibus
957 573 1131 633 induebatur
1144 583 1176 635 ut
1190 592 1245 634 cum

241 663 427 723 feracissimis
447 662 548 736 terris,
573 663 653 737 quasi
673 676 823 736 numquam
842 675 977 733 cessura,
998 667 1137 718 certaret.
1175 657 1245 717 llaec

242 748 355 825 inopina
370 746 500 803 siccitate
518 762 609 822 usque
624 744 657 803 ad
671 745 797 803 iniuriam
812 742 969 803 sterilitatis
984 743 1114 819 exaruit,
1132 744 1198 820 quia
1209 744 1261 819 pit

242 849 297 908 ger
310 828 392 888 Nilus
407 837 573 888 cunctanter
587 827 671 889 alveo
686 847 754 888 sese
768 845 803 886 ac
817 826 950 904 languide
966 824 1130 903 extulerat,
1152 829 1243 903 ingen·

242 914 319 973 tibus
341 911 454 989 quidem
475 920 543 971 tunc
564 930 679 990 quoque
698 912 748 971 ille
769 911 944 987 fluminibus,
973 909 1140 970 fluminibus
1160 919 1244 969 umen

243 994 445 1055 conferendus.
480 993 553 1055 llinc
574 1013 641 1074 pars
662 1014 761 1073 magna
781 1005 934 1069 terrarum,
959 994 1052 1070 mergi
1066 995 1244 1072 repararique

242 1098 323 1138 amne
339 1087 493 1154 consueta,
508 1077 566 1137 alto
581 1079 701 1157 pulvere
716 1079 868 1138 incanduit.
890 1077 1005 1138 Frustra
1018 1087 1088 1137 tunc
1099 1080 1244 1155 Aegyptus

242 1162 337 1223 nubila
359 1163 468 1241 optavit
488 1163 655 1240 caelumque
676 1164 821 1241 respexit,
840 1179 904 1222 cum
918 1163 982 1240 ipse
996 1161 1184 1222 fecunditatis
1203 1158 1275 1239 pall

243 1266 309 1307 rens
330 1248 504 1306 contractior
519 1256 549 1307 et
570 1246 687 1324 exilior,
715 1246 804 1307 isdem
823 1247 982 1307 ubertatem
1001 1246 1066 1306 eins
1083 1247 1151 1304 anni
1167 1263 1245 1322 angu-

243 1333 305 1392 stiis
321 1331 425 1409 quibus
441 1331 636 1392 abundantiam
651 1350 729 1391 suam
743 1331 928 1391 cohibuisset.
951 1328 1055 1408 Neque
1070 1331 1149 1388 enim
1162 1329 1245 1390 solun

243 1434 334 1492 vagus
352 1414 419 1490 ille,
446 1432 508 1474 cum
524 1417 706 1493 expanditur,
721 1417 809 1474 amnis
825 1417 895 1474 intra
910 1423 1045 1491 usurpata
1059 1430 1180 1491 semper
1194 1411 1245 1472 col·

243 1500 310 1558 lium
325 1499 490 1559 substiterat
505 1509 591 1578 atque
606 1500 755 1575 haeserat,
781 1498 833 1558 sed
847 1500 950 1577 supino
966 1500 1052 1557 etiam
1068 1515 1106 1558 ac
1122 1496 1246 1558 clementi

244 1583 308 1644 solo
330 1600 386 1641 non
408 1582 521 1659 placido
542 1603 575 1643 se
596 1583 732 1661 mollique
747 1583 827 1661 lapsu
842 1582 973 1659 refugum
987 1581 1166 1659 abstulerat,
1187 1580 1275 1640 nec-li

244 1667 308 1725 dum
330 1667 399 1726 satis
422 1675 548 1726 umentes
565 1660 662 1727 'terras
682 1666 826 1727 addiderat
845 1667 998 1727 arentibus.
1033 1664 1129 1743 lgitur
1142 1664 1246 1725 inunda-

244 1754 340 1824 tione,
362 1747 448 1808 idest
466 1750 614 1827 ubertate,
637 1753 720 1828 regio
735 1751 877 1828 fraudata,
899 1751 942 1811 sic
957 1767 1044 1829 opem
1062 1748 1196 1810 Caesaris
1211 1749 1246 1807 in-

244 1834 358 1891 vocavit
374 1841 404 1891 ut
418 1833 494 1893 solet
509 1853 618 1894 amnem
633 1853 727 1895 suum:
743 1853 798 1895 nec
815 1834 929 1912 longius
944 1833 985 1894 illi
999 1833 1185 1895 adversorum
1200 1833 1246 1891 luit

244 1915 364 1994 spatium
381 1934 462 1995 quam
478 1916 543 1976 dum
558 1921 673 1978 nuntiat.
710 1917 776 1978 Tam
790 1918 893 1995 velox,
917 1916 1040 1996 Caesar,
1063 1919 1190 1996 potentia
1203 1927 1246 1976 tua

245 2009 307 2076 est,
327 2009 440 2078 tamque
455 2003 483 2061 in
499 2005 590 2062 omnia
605 2005 711 2082 pariter
724 2005 831 2064 intenta
845 2004 955 2063 bonitas
972 2011 1001 2063 et
1015 2004 1150 2064 accincta
1161 2012 1191 2061 ut
1202 2002 1276 2061 tri-lt

245 2086 315 2145 stius
330 2083 436 2163 aliquid
452 2087 570 2147 saeculo
584 2097 632 2147 tuo
648 2089 742 2166 passis
759 2088 794 2147 ad
809 2088 964 2148 remedium
979 2087 1160 2166 salutemque
1175 2085 1244 2148 sulii-

193 2170 233 2234 31
247 2171 301 2228 ciat
319 2179 349 2229 ut
370 2173 453 2230 scias.
499 2170 635 2232 Omnibus
651 2172 783 2251 equidem
803 2172 936 2249 gentibus
956 2170 1069 2231 fertiles
1085 2189 1175 2232 annos
1189 2186 1245 2247 gnt-

244 2264 344 2331 tasque
371 2264 461 2314 terras
489 2272 608 2333 precor:
646 2256 813 2316 crediderim
836 2268 928 2316 tamen
951 2273 1005 2334 per
1024 2255 1102 2315 bunc
1126 2254 1248 2333 Aegypti

244 2347 345 2397 statum
367 2346 429 2399 tuas
448 2338 586 2399 fortunam
606 2342 683 2400 vires
706 2338 831 2419 experiri
851 2351 982 2418 tuamque
998 2339 1172 2417 vigilantiam
1186 2356 1248 2416 spe·

245 2431 322 2482 ctare
338 2421 474 2482 voluisse.
497 2421 567 2482 Nam
581 2442 641 2483 cum
655 2426 745 2484 omnia
760 2425 884 2484 secunda
894 2425 1001 2502 ubique
1011 2424 1165 2499 mercaris,
1182 2428 1276 2483 non-tt

243 2522 280 2561 ne
295 2504 472 2565 manifestum
487 2516 548 2583 est,
564 2509 588 2567 si
603 2507 669 2583 quid
684 2508 796 2567 adversi
812 2508 903 2585 cadat,
920 2512 976 2568 tuis
991 2507 1120 2569 laudibus
1136 2509 1248 2586 tuisque

244 2586 393 2645 virtutibus
408 2591 549 2646 materiam
565 2607 751 2666 campumque
768 2594 944 2671 praesterni,
966 2611 1031 2653 cum
1046 2591 1173 2654 secunda
1188 2590 1247 2651 leli·

244 2685 312 2744 ces,
328 2668 448 2728 adversa
463 2687 581 2747 magnos
596 2671 738 2750 probent?
760 2675 967 2737 Percrebuerat
983 2677 1138 2755 antiquitus
1152 2672 1263 2735 urbem‘

244 2761 367 2811 nostram
385 2752 437 2810 nisi
456 2754 559 2830 opibus
572 2754 699 2836 Aegypti
715 2757 751 2817 ali
767 2763 977 2840 sustentarique
991 2779 1049 2821 non
1064 2778 1167 2840 posse.
1199 2760 1245 2818 Su·

243 2835 392 2912 pcrbiebat
407 2844 526 2898 ventosa
542 2849 571 2899 et
584 2841 710 2901 insolens
725 2847 817 2921 natio,
834 2845 910 2922 quod
921 2847 1060 2906 victorem
1073 2845 1190 2924 quidem
1200 2851 1276 2922 poll

243 2918 340 2998 pulum
355 2931 489 2997 pasceret
504 2931 612 3001 tamen,
638 2926 771 3005 quodque
788 2930 816 2987 in
832 2947 885 2989 suo
900 2929 1031 3006 flumine,
1053 2930 1081 2987 in
1097 2930 1158 2991 suis
1174 2928 1244 2988 nari·

243 3004 295 3063 bus
315 3003 363 3063 vel
383 3004 550 3067 abundantia
570 3020 667 3070 nostra
687 3011 734 3071 vel
752 3012 842 3074 fames
863 3024 951 3075 esset.
990 3013 1161 3074 Reiudimus
1184 3010 1245 3072 Nilo

243 3106 308 3148 suas
321 3090 434 3168 copias:
450 3094 561 3170 recepit
576 3093 713 3155 frumenta
726 3114 798 3174 quae
812 3100 927 3158 miserat
942 3099 1165 3177 deportatasque
1177 3115 1248 3156 rues·

242 3192 290 3234 ses
302 3175 422 3234 revexit.
442 3175 540 3236 Discat
555 3180 640 3256 igitur
650 3179 802 3259 Aegyptus
813 3183 968 3261 credatque
980 3183 1181 3261 experimento
1196 3199 1249 3241 uon

242 3258 373 3318 alimenta
391 3279 423 3319 se
440 3262 523 3321 nobis
538 3262 589 3321 sed
606 3264 707 3323 tributa
723 3275 884 3342 praestare:
905 3269 977 3328 sciat
992 3287 1024 3328 se
1039 3282 1098 3326 non
1115 3286 1185 3328 esse
1201 3277 1284 3346 poti

242 3341 310 3417 pulo
325 3342 451 3404 Romano
467 3349 674 3425 necessariam,
693 3357 722 3407 ct
738 3359 830 3409 tannen
843 3353 956 3412 serviat.
977 3351 1046 3413 Post
1055 3351 1145 3428 baec,
1165 3353 1250 3413 sivo·

242 3420 298 3499 let,
321 3424 402 3486 Nilus
418 3439 492 3489 amet
507 3429 617 3490 alveum
633 3451 713 3492 suum
731 3441 759 3491 et
775 3434 894 3496 fluminis
910 3436 1021 3497 modum
1036 3445 1152 3497 servet:
1180 3436 1248 3496 nibil

242 3504 298 3565 hoc
315 3507 350 3567 ad
364 3510 479 3589 urbem,
496 3531 529 3572 ac
544 3534 580 3575 nc
596 3516 631 3576 ad
647 3516 810 3600 Aegyptum
827 3520 956 3600 quidem,
973 3521 1026 3582 nisi
1041 3531 1071 3581 ut
1088 3519 1156 3580 inde
1172 3523 1250 3582 navi·
