2588 4116
211 226 273 289 208
513 220 545 282 G.
568 220 666 281 Fluit
687 219 736 280 ET
758 217 916 279 unumst

212 377 306 458 quod,
324 378 425 438 utiam
444 374 570 435 diueram
592 382 768 434 sacramento
786 372 919 447 militari,
940 368 1065 430 noudum
1081 368 1227 430 distributi
1293 431 1294 444 2

212 465 240 523 in
254 478 388 522 numeros
403 470 492 521 erant.
516 459 592 533 Quid
605 476 676 536 ergo
688 457 807 516 debeam
818 456 900 533 sequi
912 470 998 533 rogo,
1010 453 1138 529 domine,
1156 455 1226 513 scri·
1293 461 1294 464 ’

212 547 275 625 bas,
292 546 460 626 praesertim
476 562 539 603 cum
555 545 694 620 pertineat
708 541 744 601 ad
759 539 931 619 exemplum.

564 675 655 737 xxx.
670 672 866 754 [xxxvuuq

547 773 712 824 TRAIANUS
729 771 834 825 PLINIO
854 771 882 822 S.

186 878 201 928 1
274 859 435 920 Secundum
455 859 584 921 mandata
603 878 666 919 mea
686 859 757 919 iecit
776 859 964 937 Sempronius
987 855 1142 918 Caelianus
1161 860 1225 918 mit·

212 945 299 1006 tendo
314 944 350 1004 ad
363 953 392 1004 to
410 959 463 1004 eos
479 943 634 1022 dequibus
651 945 790 1022 cognosci
806 943 951 1022 oportebit
965 960 1000 1003 an
1015 941 1140 1019 capitale
1157 961 1224 1021 sup-

212 1029 328 1108 plicium
342 1030 482 1087 meruisse
497 1027 656 1088 uideantur.
689 1026 791 1087 Reiert
812 1036 905 1087 autem
926 1026 1077 1087 voluntarii
1092 1045 1126 1088 se
1141 1026 1224 1087 obtu-

185 1112 295 1175 llerint
311 1131 347 1173 au
362 1111 430 1172 lecti
445 1113 500 1174 sint
512 1110 560 1171 vel
576 1114 659 1172 etiam
675 1113 773 1171 vicarii
788 1111 857 1171 dati.
888 1111 970 1171 Lecti
983 1112 1012 1171 si
1027 1120 1110 1189 sunt,
1132 1111 1265 1189 inqui-10

211 1197 278 1256 sitio
294 1200 442 1277 peccavit:
465 1199 490 1254 si
510 1198 609 1256 vicarii
624 1196 697 1272 dati,
719 1212 811 1274 penes
835 1213 888 1254 eos
910 1195 994 1274 eulpa
1011 1203 1057 1255 est
1072 1195 1122 1273 qui
1135 1194 1223 1254 dede·

211 1289 290 1341 runt:
305 1283 329 1341 si
345 1282 418 1359 ipsi,
433 1298 498 1339 cum
513 1280 652 1341 habereut
667 1278 836 1340 conditionis
852 1297 922 1341 suae
936 1281 1158 1341 conscientiam.
1172 1298 1222 1337 ve

212 1374 330 1443 nerunt,
353 1365 631 1425 animadvertendum
650 1365 679 1425 in
699 1364 767 1425 illos
791 1365 855 1425 erit.
886 1364 990 1442 Neque
1011 1365 1088 1423 enim
1107 1363 1222 1422 multum

212 1452 333 1510 interest
354 1450 431 1526 quod
452 1449 574 1509 nondum
594 1466 648 1528 per
662 1463 795 1510 numeros
812 1448 953 1509 distributi
970 1458 1045 1508 sunt.
1077 1445 1131 1508 llle
1150 1450 1222 1507 euim

213 1534 276 1594 dies
299 1534 376 1613 [pro]
400 1550 457 1612 quo
473 1536 591 1612 primum
609 1533 720 1610 probati
742 1542 806 1591 sunt
826 1534 975 1592 veritatem
995 1532 1029 1591 ab
1049 1532 1086 1590 iis
1105 1532 1220 1609 originis
1229 1547 1258 1598 ιε,

213 1636 281 1679 suae
297 1619 402 1694 exegit.
1208 1618 1219 1631 ‘

1234 712 1249 762 5

609 1700 713 1760 xxxu.
739 1699 821 1778 [xx]

437 1801 463 1850 C.
483 1799 608 1852 PLINIUS
627 1800 773 1851 TRAIANO
792 1799 1003 1852 luuunxuottt.

190 1896 201 1945 1
279 1886 363 1947 Salva
374 1887 564 1965 magnitudine
580 1897 637 1965 tua,
656 1888 780 1964 domine,
797 1885 957 1947 descendas
974 1895 1089 1964 oportet
1098 1884 1132 1946 ad
1142 1901 1222 1944 meas

214 1989 314 2049 curas,
338 1989 401 2031 curn
416 1972 460 2032 ius
477 1972 543 2032 rnibi
559 1972 674 2033 dederis
689 1972 835 2032 referendi
846 1970 882 2031 ad
896 1980 926 2031 te
939 1969 976 2030 de
992 1971 1096 2050 quibus
1111 1968 1217 2029 dubito.
1227 1983 1259 2036 uo

186 2054 246 2117 tln
262 2056 410 2135 plerisque
427 2057 606 2136 civitatibus,
622 2059 742 2117 maxime
756 2054 941 2116 Nicomediae
957 2064 987 2116 et
1000 2054 1144 2133 Nicaeae,
1160 2054 1217 2130 qui·

214 2141 277 2201 dam
291 2141 339 2200 vel
360 2144 388 2200 in
410 2156 483 2220 opus
505 2141 624 2203 damuati
642 2141 691 2202 vel
713 2143 740 2200 in
761 2141 856 2201 ludum
876 2139 1036 2218 similiaque
1056 2139 1101 2198 his
1117 2153 1221 2216 genera

213 2242 370 2303 poenarum
390 2224 571 2304 publicorum
591 2243 739 2294 servorum
760 2225 856 2285 cilicio
871 2226 1087 2300 ministerioque
1103 2223 1222 2300 iungun-
1293 2231 1294 2238 ’

212 2320 260 2369 tur
272 2319 358 2388 atque
369 2310 453 2368 etiam
464 2318 494 2368 ut
505 2309 612 2386 publici
624 2310 700 2370 servi
712 2325 802 2367 annua
816 2307 966 2380 accipiunt.
991 2304 1075 2375 Quod
1088 2324 1148 2380 ego
1162 2323 1225 2366 cum

186 2394 367 2468 itandissem,
385 2391 431 2451 diu
447 2391 621 2468 multumque
634 2391 771 2450 haesitavi
786 2387 853 2464 quid
869 2386 965 2444 iacere
983 2384 1127 2444 deberem.
1151 2389 1261 2456 Names,

213 2486 243 2535 et
264 2474 386 2535 reddere
409 2491 522 2551 poenae
542 2483 609 2551 post
627 2473 741 2547 longum
763 2479 875 2547 tempus
891 2467 1049 2547 plerosque
1062 2469 1118 2528 iam
1133 2490 1225 2534 senes

212 2567 251 2632 et,
269 2565 402 2634 quantum
415 2555 591 2629 adfirmatur,
613 2553 762 2630 frugaliter
781 2551 969 2632 modesteque
991 2555 1123 2614 viventes
1138 2559 1225 2618 nimis

212 2656 344 2698 severum
358 2637 525 2713 arbitrabar,
542 2646 571 2697 et
585 2639 612 2696 in
622 2636 745 2715 publicis
758 2636 862 2698 officiis
873 2641 998 2699 retinere
1009 2639 1156 2702 damnatos
1167 2659 1225 2702 non

211 2724 280 2783 satis
302 2722 452 2783 honestum
472 2721 618 2800 putabam;
644 2721 765 2795 eosdem
784 2740 883 2784 rursus
908 2742 924 2784 a
950 2725 1120 2805 republica
1142 2728 1223 2805 pasci

185 2807 322 2866 uotiosos
337 2803 452 2883 inutile,
468 2822 525 2865 non
539 2810 620 2885 pasci
634 2809 717 2868 etiam
731 2807 926 2888 periculosum
940 2810 1141 2871 existimabam.
1164 2810 1263 2874 Noto

212 2893 340 2951 cessario
354 2905 425 2967 ergo
439 2908 499 2949 rem
513 2900 612 2970 totam,
629 2892 694 2953 dnm
704 2902 734 2954 te
751 2893 948 2973 consulerem,
967 2897 995 2954 in
1017 2912 1160 2974 suspenso
1175 2914 1221 2955 re·

211 2975 290 3053 liqui.
325 2974 454 3049 Quaeres
476 2975 601 3038 fortasse
622 2978 857 3057 quemadmodum
879 2981 1009 3040 evenerit
1029 2990 1061 3039 ut
1074 2981 1178 3059 poenis
1192 2981 1221 3039 in

212 3078 282 3140 quas
305 3061 425 3121 damnati
446 3071 525 3121 eraut
546 3062 777 3124 exsolverentur:
801 3073 831 3124 et
851 3082 907 3143 ego
930 3066 1054 3144 quaesit,
1078 3064 1131 3124 sed
1151 3063 1220 3124 nihil

213 3148 331 3227 conperi
353 3145 428 3226 quod
448 3145 594 3208 adfirmare
616 3149 667 3209 tibi
691 3150 808 3228 possim.
841 3149 878 3209 Ut
895 3149 1010 3210 decreta
1026 3150 1128 3228 quibus
1144 3149 1220 3210 darn-

212 3234 269 3291 nati
291 3241 370 3293 erant
390 3231 625 3311 proterebantur,
649 3235 687 3293 ita
707 3232 785 3293 nulla
804 3236 973 3296 monimenta
987 3236 1090 3314 quibus
1106 3235 1261 3297 liberati35

95 3350 99 3355 -
186 3317 410 3392 sprobarentur.
438 3315 525 3377 Erant
539 3327 631 3379 tamen
644 3318 691 3396 qui
711 3317 839 3379 dicerent
852 3318 1042 3399 deprecantes
1059 3322 1139 3379 iussu
1152 3337 1219 3399 pro·

215 3400 363 3460 consulum
373 3401 569 3478 legatorumve
580 3402 721 3463 dimissos.
744 3402 877 3464 Addebat
888 3405 971 3466 fidem
987 3404 1063 3483 quod
1080 3402 1220 3465 credibile

214 3489 273 3538 erat
288 3486 427 3544 neminem
443 3486 499 3545 hoc
515 3504 613 3548 ausum
629 3490 691 3548 sine
706 3497 832 3551 auctore.

97 3750 207 3792 A
