2588 4116
396 169 664 267 nfflclfflctts
682 182 726 236 91.
739 182 782 237 92.
795 182 839 239 93.
852 185 896 239 94.
1090 178 1152 243 297

88 349 91 356 ·
137 335 188 385 tuo
204 323 310 383 iudicio
326 322 463 384 consules
478 323 568 400 lacti,
592 332 640 384 tna
651 341 725 386 voce
741 327 893 387 renuntiati
905 344 1015 408 sumus,
1031 340 1063 393 ut
1077 331 1153 392 idem

137 407 297 468 honoribus
320 408 428 467 nostris
451 407 624 485 suffragator
647 409 791 489 incuria,
818 410 846 469 in
869 427 970 491 eampo
992 412 1153 485 declarator

138 493 293 553 existeres.
312 488 384 550 Nam
397 490 475 568 quod
489 492 516 551 ei
529 509 585 552 ooo
600 493 780 570 potissimum
792 497 884 555 mensi
900 497 1054 558 attribuisti
1067 518 1152 578 quem

137 585 203 636 tuus
219 573 321 635 natalis
337 583 469 652 exornat,
481 592 564 654 quam
574 574 726 654 pulcbrum
736 577 835 638 nobis!
850 580 955 657 quibus
968 581 1075 659 edicto,
1091 585 1153 661 qui·

109 661 191 725 obus
212 657 381 737 spectaculo
404 658 557 720 celebrare
578 660 727 738 continget
741 660 815 720 diem
832 660 910 720 illum
927 663 1033 743 triplici
1048 667 1154 743 gaudio

136 743 254 820 laetum,
270 743 318 821 qui
334 743 495 820 principem
510 743 628 803 abstulit
643 744 817 822 pessimum,
835 745 913 807 dedit
928 749 1076 828 optimum,
1092 769 1151 810 me·

136 826 239 887 liorem
256 827 364 904 optimo
382 826 493 902 genuit.
510 824 572 888 Nos
588 827 641 887 sub
656 827 748 888 oculis
762 829 816 888 tuis
828 832 979 909 augustior
990 830 1077 894 solito
1090 852 1156 893 cur-

134 930 185 973 rus
206 911 349 988 accipiet,
374 925 428 972 nos
442 910 520 971 inter
534 910 661 972 secunda
682 914 775 972 omina
792 921 822 972 et
842 923 910 974 vota
928 919 1064 977 certantia
1079 934 1153 994 quae

134 997 283 1077 praesenti
305 994 357 1053 tibi
377 993 565 1053 conferentur
583 995 722 1056 vehemur
739 995 851 1058 alacres
872 1007 902 1059 et
921 999 1023 1059 incerti
1039 1018 1076 1060 ex
1091 1010 1154 1061 utra

89 1092 126 1144 10
136 1089 218 1157 parte
239 1077 329 1138 maior
349 1078 466 1138 auribus
483 1079 591 1139 nostris
611 1080 722 1140 accidat
737 1078 853 1139 clamor.
888 1082 1093 1163 superomnia
1110 1086 1206 1147 ta=93

134 1180 201 1222 men
217 1161 438 1239 praedicandum
449 1161 564 1222 videtur
578 1163 655 1240 quod
669 1165 776 1241 pateris
792 1163 929 1227 consules
941 1184 1009 1227 esse
1025 1184 1099 1245 quos
1110 1166 1153 1228 ie·

135 1247 216 1307 cisti:
234 1245 344 1325 quippe
359 1243 469 1305 nullum
479 1245 657 1324 pericnlum,
673 1245 768 1305 nullus
786 1264 824 1306 ex
839 1249 969 1326 principe
980 1257 1073 1309 metus
1085 1268 1153 1311 con·
1241 1264 1244 1269 ·

135 1330 248 1390 solares
264 1330 372 1388 animos
387 1327 516 1390 debilitat
534 1336 564 1388 et
579 1330 701 1408 frangit,
715 1329 784 1389 nihil
799 1331 894 1393 invitis
908 1332 1094 1410 audiendum,
1110 1334 1151 1391 ni·

134 1414 174 1473 bil
192 1416 302 1473 coactis
321 1413 534 1474 decernendum
549 1415 614 1476 erit.
638 1414 736 1473 blanet
747 1415 930 1494 manebitque
945 1415 1048 1476 bonori
1062 1434 1152 1477 vene·

90 1510 125 1563 15
135 1499 209 1558 ratio
231 1514 300 1574 sua,
329 1515 385 1557 nec
404 1499 591 1559 securitatem
607 1500 775 1559 anctoritate
791 1499 956 1576 perdemus.
984 1499 1030 1559 Ac
1044 1501 1069 1559 si
1085 1500 1153 1579 quid

136 1582 212 1642 lorte
228 1599 266 1640 ex
281 1580 448 1643 consulatus
464 1581 582 1658 lastigio
598 1582 686 1642 luerit
701 1581 883 1661 diminutum,
898 1592 995 1644 nostra
1010 1583 1082 1644 baec
1097 1586 1153 1644 erit

136 1665 317 1744 culpa,·non
332 1665 453 1727 saeculi.
480 1666 561 1727 Licet
575 1667 668 1745 enirn,
689 1675 822 1745 quantum
837 1666 871 1727 ad
887 1669 1063 1746 principem,
1082 1666 1153 1728 licet
1233 1686 1236 1691 ·

137 1749 210 1810 tales
227 1750 363 1811 consules
379 1767 468 1830 agere
484 1748 584 1830 quales
599 1759 665 1812 ante
681 1752 828 1830 principes
844 1761 933 1812 erant.
954 1750 1084 1814 Ullamne
1100 1751 1153 1812 tibi

135 1851 188 1912 pro
211 1833 361 1893 beneflciis
384 1834 497 1894 reierre
519 1838 637 1910 gratiam
658 1851 757 1911 parem
778 1833 954 1912 possumus?
976 1837 1029 1896 nisi
1045 1844 1152 1897 tantum

89 1917 213 1982 20illam
228 1926 258 1976 ut
274 1935 390 1995 semper
411 1932 466 1977 rrcs
480 1919 691 1979 meminerimus
708 1916 845 1977 consules
861 1917 952 1979 luisse
968 1928 997 1978 et
1014 1918 1152 1980 consules

135 2012 219 2076 tuos,
245 2017 280 2059 ea
303 2002 478 2075 sentiamus,
507 2015 541 2058 ea
564 2017 733 2063 censeamus
755 2017 829 2078 quae
852 2001 1050 2061 consularibus
1066 2001 1152 2079 digna

136 2092 221 2159 sunt,
242 2085 282 2143 ita
295 2100 446 2144 versemur
461 2084 490 2143 in
504 2100 536 2141 re
552 2085 668 2164 publica
681 2092 712 2144 ut
728 2083 878 2145 credamus
895 2102 963 2144 esse
979 2101 1040 2144 rem
1057 2084 1151 2162 publi-

139 2184 218 2243 cam,
239 2184 297 2227 non
315 2167 466 2228 eonsilium
482 2173 628 2245 nostrum,
652 2185 708 2227 non
725 2182 843 2245 operam
858 2165 1073 2244 subtrahamus,
1096 2186 1152 2228 nec

137 2251 287 2311 deiunotos
308 2269 362 2312 nos
383 2261 413 2312 et
428 2252 509 2331 quasi
529 2249 662 2313 dimissos
684 2250 855 2329 consulatu,
876 2251 929 2313 sed
951 2252 1031 2330 quasi
1051 2251 1152 2311 adstri-

91 2348 127 2400 25
138 2345 201 2396 ctos
218 2344 247 2396 et
258 2336 406 2397 devinctos
420 2345 574 2415 putemus,
590 2334 769 2414 eundemque
785 2334 882 2394 locum
895 2333 1002 2395 laboris
1019 2345 1049 2395 et
1067 2351 1152 2394 curae

138 2437 222 2496 quem
234 2422 414 2481 reverentiae
431 2420 635 2500 dignitatisque
650 2428 810 2480 teneamus.

200 2500 233 2560 ln
256 2505 310 2563 line
331 2504 467 2566 orationis
487 2506 637 2583 praesides
655 2503 851 2583 custodesque
869 2502 981 2581 imperii
998 2496 1070 2562 dens
1091 2500 1205 2579 ego94

137 2585 239 2645 consul
254 2604 306 2664 pro
321 2589 409 2648 rebus
426 2587 573 2666 humanis,
595 2607 629 2649 ac
644 2596 673 2648 te
688 2588 863 2667 praecipue,
877 2585 1040 2666 Capitoline
1055 2584 1152 2665 luppi-

115 2687 118 2692 ·
137 2680 198 2745 ter,
214 2687 320 2747 precor
334 2680 366 2731 ut
380 2672 530 2731 beneflciis
545 2675 601 2731 tuis
618 2673 715 2732 faveas
731 2673 874 2750 tantisque
885 2670 1051 2730 muneribus
1066 2669 1152 2730 addas

92 2764 128 2816 30
138 2756 370 2832 perpetuitatem.
390 2754 505 2815 Audisti
518 2773 592 2835 quae
608 2753 681 2814 malo
697 2756 819 2833 principi
831 2755 1031 2832 precabamur,
1049 2752 1153 2813 exaudi

138 2855 211 2916 quae
227 2855 281 2916 pro
294 2837 484 2900 dissimillimo
497 2850 638 2918 optamus.
659 2837 724 2898 Non
737 2848 765 2899 te
779 2838 973 2914 distringimus
985 2837 1072 2896 notin
1088 2835 1153 2896 Non
1266 2864 1270 2871 ·

138 2922 212 2979 enim
228 2939 347 3000 pacem,
363 2939 420 2982 non
436 2923 631 3000 concordiam,
649 2939 705 2981 non
717 2923 913 2997 securitatem,
929 2937 985 2980 non
1001 2936 1074 2998 opes
1090 2936 1152 2981 ora·

136 3022 216 3082 mus,
232 3023 289 3065 non
299 3005 443 3067 bonores:
457 3005 583 3086 simplex
594 3014 753 3084 cunctaque
770 3007 824 3065 ista
839 3002 1014 3081 conplexum
1029 3005 1154 3062 omnium

138 3097 236 3148 votum
248 3098 312 3167 est,
331 3088 408 3151 salus
423 3090 573 3169 principis.
592 3088 655 3150 Nec
671 3106 742 3149 vero
754 3104 827 3146 nova
843 3087 894 3145 tibi
906 3086 1086 3162 iniungimus.
1110 3083 1154 3143 Tu

95 3181 130 3236 35
141 3173 215 3231 enim
235 3175 289 3232 iam
304 3181 371 3232 tunc
385 3171 464 3234 illum
478 3173 507 3231 in
526 3171 644 3233 tutelam
658 3171 814 3248 recepisti,
842 3187 906 3228 cum
920 3166 1074 3247 praedonis
1095 3169 1153 3227 avi·
1238 3200 1240 3204 ·

141 3255 247 3316 dissimi
263 3257 395 3317 lancibus
413 3258 551 3334 eripuisti.
582 3254 686 3333 Neque
707 3256 781 3314 enim
797 3254 859 3313 sine
873 3251 980 3311 auxilio
995 3259 1061 3328 tuo,
1090 3268 1154 3310 cum

140 3338 277 3400 altissima
293 3357 425 3419 quaeque
441 3348 640 3418 quaterentur,
655 3338 703 3397 hic
715 3339 763 3415 qui
777 3337 907 3397 omnibus
919 3333 1066 3395 excelsior
1080 3343 1153 3411 erat,

142 3424 332 3485 inconcussus
341 3426 438 3485 stetit.
459 3423 633 3483 Praeteritus
649 3430 694 3481 ost
706 3421 856 3500 apessimo
869 3421 999 3499 principe
1012 3420 1060 3496 qui
1071 3435 1154 3497 prae·

1203 3592 1230 3693 l
