2588 4116
337 276 340 280 ι
449 242 714 304 EPISTULARUM
730 244 752 304 1.
775 254 801 307 9.
817 258 861 308 lo.
1137 248 1158 309 9

150 397 207 467 tue,
221 411 320 457 verum
331 403 534 472 secretumque
546 403 715 476 μουσεῖον,
729 396 904 475 quammulta
917 399 1061 476 invenitis,
1075 418 1157 478 quam

148 475 236 536 multa
251 475 378 538 dictatis!
400 477 523 537 Proinde
539 488 568 537 tu
584 497 700 558 quoqne
718 485 868 558 strepitum
887 483 972 541 istum
987 485 1179 562 inanemque?

151 561 311 620 discursum
327 569 355 620 et
372 559 490 620 multum
506 562 621 640 ineptos
636 563 769 641 labores,
787 573 817 623 ut
835 567 955 642 primum
969 565 1056 626 fuerit
1071 584 1155 626 occa·

151 647 212 720 sio,
229 643 359 722 relinque
375 656 462 724 teque
481 645 581 706 studiis
597 647 644 706 vel
664 650 723 707 otio
740 648 829 707 trade.
852 649 947 709 Satius
966 659 1010 709 est
1026 652 1110 724 enim,
1127 661 1182 718 ut8

126 727 254 787 ttAtilius
269 737 370 788 noster
385 728 579 789 eruditissime
594 731 678 790 simul
696 740 725 791 et
737 731 914 792 facetissime
932 732 1013 810 dixit,
1033 735 1157 794 otiosum

151 829 217 872 esse
234 829 316 890 quam
332 811 401 872 nihil
416 830 514 890 agere.
546 812 628 873 Vale.

630 949 666 1010 X.

354 1045 380 1097 o.
401 1045 526 1096 noturus
543 1046 641 1098 nrum
662 1047 825 1098 couniantur
844 1044 904 1096 suo
924 1045 950 1099 s,

105 1158 142 1210 10
212 1146 243 1206 st
256 1146 372 1225 quando
387 1136 456 1207 urbs
473 1158 571 1209 nostra
585 1148 752 1210 liberalibus
767 1147 868 1209 studiis
883 1147 990 1225 floruit,
1007 1165 1082 1207 nunc
1095 1160 1178 1210 mal

147 1233 224 1290 xime
247 1230 341 1290 donet.
374 1229 464 1290 Multa
485 1231 617 1310 claraque
638 1231 770 1308 exempla
791 1240 872 1298 sunt;
895 1232 1043 1290 sufficeret
1060 1242 1181 1308 unum,2

148 1313 312 1390 Euphrates
334 1311 536 1389 philosophus.
557 1314 640 1372 Hunc
664 1332 721 1391 ego
744 1316 772 1371 in
793 1313 893 1386 Syria,
911 1331 975 1369 cum
988 1312 1157 1373 adulescen-

149 1397 227 1456 tulus
241 1395 402 1471 militarem,
422 1398 536 1472 penitus
553 1405 582 1456 et
598 1396 672 1455 domi
688 1397 801 1475 inspexi
816 1395 960 1471 amarique
977 1395 1011 1453 ab
1028 1411 1065 1452 eo
1078 1395 1156 1454 labo·

148 1482 222 1557 ravi‚
237 1481 292 1540 etsi
308 1496 365 1537 non
381 1487 442 1538 erat
460 1477 653 1539 laborandum.
683 1479 737 1540 Est
754 1480 829 1538 enim
844 1477 945 1538 obvius
961 1487 990 1536 et
1006 1480 1157 1555 expositus

106 1584 140 1637 15
149 1563 312 1642 plenusque
328 1562 501 1622 humanitate
517 1580 600 1642 quam
616 1565 768 1641 praecipit.
798 1562 896 1640 Atque
911 1563 1015 1621 utinam
1033 1563 1076 1621 sic
1091 1563 1183 1638 ipse3

151 1665 233 1725 quam
248 1664 331 1724 spem
347 1656 414 1705 tuno
434 1645 485 1705 ille
498 1645 538 1705 ¹de
553 1665 598 1706 me
613 1648 749 1725 concepit
767 1645 962 1724 impleverim,
978 1654 1010 1705 ut
1022 1644 1072 1705 ille
1087 1644 1157 1703 mul·

150 1740 209 1790 tum
223 1730 376 1790 virtutibus
397 1732 456 1789 suis
477 1729 597 1790 addidit!
624 1741 673 1791 aut
691 1749 748 1808 ego
767 1749 843 1788 nunc
863 1729 927 1789 illas
945 1730 1037 1806 magis
1057 1731 1155 1804 miror,

151 1816 217 1892 quia
233 1816 323 1891 magis
342 1813 492 1891 intellego.
520 1813 703 1894 ,Quamquam
719 1833 755 1874 ne
769 1831 845 1873 nuno
859 1813 974 1891 quidem
990 1814 1059 1873 satis
1075 1813 1157 1872 intel·

149 1897 228 1975 lego.
250 1898 288 1957 Ut
303 1900 377 1957 enim
392 1898 427 1956 de
445 1899 561 1975 pictore,
569 1899 715 1976 scalptore
726 1900 826 1979 lictore
838 1899 893 1957 nisi
904 1896 1006 1956 artilex
1017 1896 1183 1970 iudicare‚4

106 1984 190 2050 20ita
204 1983 260 2042 nisi
285 1983 401 2058 sapiens
424 1999 479 2040 non
502 1991 600 2059 potest
621 1978 790 2061 perspicere
811 1983 979 2059 sapientem.
1013 1977 1180 2051 Quantumt)

151 2075 245 2125 tamen
261 2065 329 2122 mihi
353 2082 472 2141 cernere
492 2065 590 2141 datur,
612 2066 699 2125 multa
721 2068 749 2124 in
764 2065 911 2142 Euphrate
932 2065 975 2124 sic
992 2065 1115 2122 eminent
1128 2071 1159 2120 et

151 2148 269 2210 elucent
292 2157 323 2205 ut
342 2146 526 2206 mediocriter
541 2165 660 2225 quoque*
677 2149 779 2208 doctos
801 2149 946 2207 advertant
967 2156 997 2207 et
1017 2145 1157 2205 adiiciant.

149 2231 287 2307 Disputat
313 2227 457 2290 subtiliter
482 2233 607 2306 graviter
630 2240 745 2305 ornate,
770 2231 937 2308 frequenter
958 2232 1042 2290 etiam
1065 2229 1157 2288 Plato·

150 2317 242 2374 nicam
257 2313 333 2373 illam
348 2313 552 2373 sublimitatem
564 2322 593 2372 et
605 2313 781 2373 latitudinem
793 2313 915 2390 effingit.
937 2313 1038 2372 Sermo
1051 2323 1096 2373 est
1109 2331 1157 2371 co·

106 2410 141 2463 25
151 2401 251 2476 piosus
268 2406 298 2457 et
313 2399 420 2473 varius,
444 2395 536 2458 dulcis
559 2399 713 2475 inprimis,
729 2406 758 2457 et
778 2399 827 2476 qui
841 2397 1027 2475 repugnantis
1041 2415 1157 2475 quoque

152 2480 383 2558 ducatinpellat.
409 2479 455 2540 Ad
469 2481 525 2540 boc
537 2484 697 2561 proceritas
714 2483 855 2560 corporis,
874 2471 1089 2557 oedorafaues,
1106 2480 1183 2543 deti

151 2568 256 2626 missus
278 2563 418 2643 capillus,
445 2567 545 2642 ingens
567 2575 596 2626 et
615 2583 681 2625 cana
693 2566 794 2634 barba;
821 2583 893 2643 quae
911 2563 980 2624 licet
998 2564 1112 2623 fortuita
1128 2572 1158 2622 et

152 2651 245 2708 inania
269 2658 419 2725 putentur,
441 2647 482 2707 illi
504 2658 597 2708 tamen
619 2648 769 2727 plurimum
786 2649 979 2708 venerationis
995 2640 1156 2724 adquirunt.

152 2731 254 2792 Nullus
270 2732 372 2791 horror
391 2734 419 2791 in
436 2732 534 2808 cultu,
556 2731 633 2792 nulla
647 2734 772 2810 tristitia,
786 2730 905 2790 multum
920 2732 1096 2791 severitatis:
1113 2737 1182 2792 ret

109 2817 279 2883 soverearis
302 2833 469 2892 occursum,
490 2833 547 2875 non
567 2815 748 2876 reformides.
777 2814 860 2874 Vitae
882 2815 1016 2874 sanctitas
1039 2831 1156 2889 summa,

154 2901 271 2959 comitas
289 2917 355 2977 par:
378 2901 534 2972 insectatur
549 2901 634 2976 vitia,
656 2915 712 2958 non
732 2898 879 2974 homines,
900 2916 956 2956 neo
977 2898 1098 2973 castigat
1112 2915 1157 2954 er·

151 2974 251 3051 rantes
267 2982 319 3043 sed
335 2983 474 3043 emendat.
506 2983 642 3061 Sequaris
662 2993 825 3042 monentem
842 2991 966 3042 attentus
983 2989 1012 3040 et
1029 2980 1158 3058 pendens

153 3076 183 3127 et
200 3066 368 3144 persuaderi
385 3067 453 3142 tibi,
476 3069 559 3125 etiam
575 3084 639 3127 cum
655 3068 846 3144 persuaserit,
871 3066 980 3143 cupias.
1011 3062 1069 3122 lam
1084 3073 1182 3124 ver08

152 3150 237 3210 liberi
258 3160 333 3226 tres,
358 3148 415 3207 duo
436 3166 546 3225 mares,
574 3167 647 3227 quos
663 3150 884 3226 diligentissime
901 3148 1033 3209 instituit.
1068 3145 1159 3229 Socer

108 3245 144 3298 35
152 3234 307 3311 Pompeius
323 3232 466 3309 lulianus,
490 3249 554 3291 cum
576 3243 675 3294 cetera
687 3235 745 3294 vita
760 3242 818 3292 tum
834 3231 882 3291 vel
898 3230 954 3289 hoc
969 3244 1025 3284 uno
1039 3243 1158 3301 magnus

153 3327 184 3378 et
200 3317 305 3393 clarus,
322 3315 399 3394 quod
415 3317 479 3393 ipse
496 3317 660 3392 provinciae
674 3318 820 3393 princeps,
837 3317 912 3372 inter
927 3309 1078 3378 altissimas
1091 3325 1159 3368 con-

77 3404 79 3411 '
153 3396 287 3475 ditiones,
305 3416 444 3476 generum
456 3415 512 3456 non
529 3397 686 3459 honoribus
702 3399 861 3477 prinoipem
875 3393 928 3454 sed
944 3394 1083 3470 sapientia
1098 3393 1158 3452 ele·

62 3540 65 3547 .
152 3485 206 3562 git.
227 3482 402 3561 Quamquam
416 3481 484 3561 quid
495 3497 552 3558 ego
565 3481 645 3558 plura
656 3481 691 3540 de
701 3482 764 3539 viro
779 3495 837 3556 quo
848 3477 916 3537 mihi
931 3475 986 3550 frui
997 3496 1054 3537 non
1068 3474 1184 3538 licet‘ltt
