2588 4116
457 229 718 292 EPISTULARUM
732 231 768 291 11.
791 243 829 295 ll.
1101 233 1140 294 31

139 384 288 447 erimarum
302 383 502 461 peritissimus,
519 383 640 460 quodam
657 383 735 442 velut
746 393 833 443 ventu
848 383 1035 444 miserationis
1051 385 1141 463 inple·

136 471 188 529 vit.
209 466 311 544 blegne
324 468 479 543 contentio,
495 468 588 543 magni
603 468 743 545 utrimque
760 466 910 542 clamores,
925 466 986 526 aliis
1003 471 1166 545 cognitio-4

137 570 204 613 nem
219 560 334 612 senatus
355 551 421 628 lege
442 550 605 629 conclusam
621 550 682 609 aliis
698 550 815 610 liberam
831 549 1006 627 solutamque
1024 551 1140 612 dicenti·

138 637 204 713 bus,
224 644 413 713 quantumque
429 630 589 695 admisisset
603 651 671 693 reus
686 644 791 694 tantum
806 631 1011 693 vindicandum.
1039 633 1165 698 Novis-5

112 723 209 781 tsime
231 718 331 780 consul
352 718 524 795 designatus
538 716 625 777 lulius
646 717 759 794 Ferox,
786 719 829 775 vir
848 725 947 776 rectus
968 725 997 776 et
1014 728 1140 794 sanctus,

138 802 227 863 Murio
243 802 356 881 quidem
377 802 486 862 iudices
503 803 613 862 interim
636 803 746 862 censuit
768 800 892 878 dandos,
915 800 1079 861 evocandos
1095 821 1141 862 au-

137 898 196 948 tem
209 887 310 965 quibus
323 885 467 947 diceretur
477 887 668 945 innocentium
679 902 786 963 poenas
798 883 973 945 vendidisse.
986 882 1065 957 Quae
1076 892 1165 945 sen-6

137 972 226 1030 tentia
236 987 293 1030 non
310 967 467 1048 praevaluit
484 969 585 1045 modo,
605 968 657 1029 sed
671 970 783 1028 omniuo
797 979 863 1046 post
878 976 969 1028 tantas
986 968 1140 1029 dissensio-

136 1073 190 1114 nes
206 1054 259 1113 fuit
271 1052 334 1113 sola
348 1053 500 1135 frequens,
519 1053 735 1131 adnotatumque
752 1053 953 1130 experimentis
969 1051 1045 1131 quod
1060 1051 1140 1111 lavor

94 1149 129 1200 lo
138 1148 167 1198 et
188 1137 382 1197 misericordia
401 1154 484 1196 acres
506 1145 535 1196 et
551 1135 735 1196 vehementes
753 1137 858 1215 primos
880 1137 1003 1213 impetus
1024 1135 1137 1212 habent,

136 1220 270 1301 paulatim
289 1219 409 1280 consilio
430 1229 460 1279 et
476 1221 584 1278 ratione
607 1221 686 1295 quasi
706 1221 842 1279 restincta
865 1217 1021 1277 considunt.
1059 1218 1163 1278 Unde?

137 1306 234 1371 evenit
255 1312 284 1363 ut
306 1302 382 1380 quod
403 1301 482 1361 multi
498 1302 622 1362 clamore
637 1303 777 1378 permixto
794 1310 907 1359 tuentur
921 1317 1004 1357 nemo
1023 1307 1139 1360 tacenti·

136 1389 191 1447 bus
210 1386 316 1456 ceteris
332 1384 428 1444 dicere
440 1383 524 1444 velit:
541 1386 664 1462 patescit
680 1385 765 1459 enim,
783 1400 846 1441 cum
862 1383 1002 1458 separaris
1018 1400 1033 1440 a
1048 1385 1137 1456 turba,

136 1468 342 1546 contemplatio
358 1485 452 1527 rerum
466 1484 538 1545 quae
552 1467 633 1527 turba
646 1475 788 1544 teguntur.
816 1464 961 1525 Venerunt
977 1466 1023 1542 qui
1039 1465 1166 1524 adesses>

93 1569 127 1621 15
137 1563 218 1613 erant
236 1552 322 1628 iussi,
338 1550 471 1611 Vitellius
486 1549 645 1611 Honoratus
661 1560 689 1610 et
706 1549 819 1610 Flavius
835 1547 1006 1608 Marcianus·
1027 1568 1063 1608 es
1081 1554 1139 1613 uui·

137 1638 191 1697 bus
203 1635 362 1696 Honoratus
375 1636 512 1695 trecentis
525 1635 636 1695 milibus
649 1634 762 1694 exilium
773 1634 877 1711 equitis
884 1631 1001 1691 Romani
1015 1643 1139 1711 septem-

139 1740 195 1798 que
216 1721 370 1779 amicorum
388 1721 450 1779 eius
469 1717 592 1779 ultimam
614 1734 744 1797 poenam,
763 1716 921 1777 Marcianus
937 1718 1019 1777 unius
1035 1721 1137 1796 equitis

137 1803 255 1863 Romani
271 1804 460 1882 septingentis
482 1802 594 1863 milibus
614 1801 696 1881 plura
712 1800 854 1880 supplicia
868 1801 1039 1878 arguebatur
1054 1804 1137 1861 emis·

138 1906 185 1947 se:
203 1897 262 1947 erat
277 1888 350 1946 euim
365 1887 487 1947 lustibus
503 1904 621 1963 caesus,
638 1885 780 1946 damnatus
795 1887 822 1944 in
836 1884 991 1962 metallum,
1009 1893 1136 1962 strangu·
1238 1913 1243 1919 ·

93 1971 211 2034 uolatus
227 1971 397 2030 incarcere.
431 1969 489 2028 Sed
506 1968 677 2028 Honoratum
694 1970 848 2045 cognitioni
865 1977 979 2029 senatus
995 1986 1070 2028 mors
1088 1977 1163 2046 opu

137 2064 258 2133 portuno
270 2053 424 2127 subtraxit,
442 2049 600 2111 Marcianus
614 2052 744 2110 inductus
762 2061 806 2110 est
821 2052 940 2111 absente
956 2051 1063 2110 Prisco.
1085 2052 1137 2111 lta-

137 2156 194 2215 que
216 2135 340 2192 Tuccius
361 2132 480 2191 Cerialis
504 2132 659 2192 consularis
681 2136 741 2191 iure
764 2136 906 2192 senatorio
930 2134 1084 2210 postulavit
1109 2146 1138 2192 ut

135 2220 253 2280 Priscus
266 2217 372 2276 certior
387 2217 479 2290 fieret,
495 2217 557 2275 sive
573 2216 638 2292 quia
653 2213 897 2290 miserabiliorem,
914 2218 975 2273 sive
991 2218 1054 2290 quia
1070 2219 1137 2272 invi·

137 2304 292 2363 diosiorem
307 2299 369 2359 iore
382 2298 577 2373 arbitrabatur,
590 2300 615 2357 si
626 2315 763 2375 praesens
775 2295 888 2372 fuisset,
907 2298 979 2371 sive,
996 2297 1071 2372 quod
1083 2315 1138 2355 ma-

92 2388 210 2453 asxime
228 2383 332 2459 credo,
354 2385 417 2460 quia
432 2383 631 2459 aequissimum
652 2390 712 2441 erat
728 2397 874 2440 commuue
894 2381 1000 2439 crimen
1014 2379 1048 2438 ab
1063 2389 1138 2438 utro·
1228 2452 1237 2461 ι

137 2488 193 2547 que
209 2465 335 2543 delendi,
351 2466 420 2526 etsi
435 2464 502 2525 dilui
516 2482 573 2525 non
583 2466 735 2543 potuisset,
751 2466 778 2523 iu
790 2474 911 2542 utroque
923 2465 1022 2542 puniri.
1046 2461 1138 2524 Dilata
1148 2475 1181 2526 10

136 2571 183 2612 ros
202 2561 247 2612 est
262 2552 290 2610 in
304 2550 462 2629 proximum
476 2559 621 2624 senatum,
638 2550 717 2608 cuius
729 2551 792 2626 ipse
809 2557 983 2627 conspectus
998 2550 1138 2624 augustis·

136 2637 223 2696 simus
239 2633 299 2694 luit.
321 2633 458 2712 Princeps
473 2632 667 2711 praesidebam
684 2641 743 2692 erat
758 2633 832 2691 enim
844 2630 960 2692 consul:
974 2631 1009 2691 ad
1025 2631 1081 2691 hoc
1096 2632 1137 2691 la-

137 2719 250 2779 nuarias
267 2717 373 2777 mensis
396 2734 459 2775 oum
474 2726 571 2777 cetera
585 2718 642 2775 tuin
659 2718 813 2794 praecipue
828 2725 989 2776 senatorum
1004 2714 1137 2793 frequen·

93 2808 129 2863 30
137 2804 175 2864 tia
188 2800 405 2862 celeberrimus:
417 2808 566 2878 praeterea
579 2817 680 2859 causae
691 2799 843 2877 amplitudo
855 2809 993 2878 auctaque
1005 2797 1137 2858 dilatione

138 2885 302 2963 expectatio
317 2894 346 2944 et
357 2885 428 2943 lama
438 2884 607 2960 insitumque
618 2882 781 2943 mortalibus
795 2882 915 2943 studium
925 2899 1024 2959 magua
1036 2892 1064 2943 et
1078 2885 1137 2941 inu-

137 2970 218 3029 sitata
237 2967 376 3029 noscendi
396 2984 495 3028 omnes
510 2966 633 3045 undique
650 2968 802 3026 exciverat.
826 2966 980 3044 imaginare
996 2984 1068 3043 quae
1080 2966 1137 3027 sol·
1147 2978 1189 3029 ll'

136 3051 255 3113 licitudo
270 3052 370 3127 nobis,
392 3051 440 3128 qui
453 3059 563 3127 metus,
585 3051 687 3128 quibus
704 3068 791 3128 super
804 3059 879 3110 tanta
895 3052 969 3110 rein
985 3048 1035 3108 illo
1051 3060 1136 3109 coetu

136 3143 290 3215 praesente
306 3131 431 3196 Caesare
445 3133 594 3195 dicendum
606 3142 673 3193 erat.
702 3133 843 3212 Equidem
859 3121 890 3193 iu‘
902 3143 1001 3194 senatu
1015 3149 1071 3190 non
1090 3151 1136 3190 se-

94 3219 193 3283 etmel
210 3221 275 3297 egi,
292 3221 359 3298 quin
375 3219 460 3278 immo
476 3234 613 3295 nusquam
627 3217 715 3278 audiri
729 3218 878 3294 benignius
893 3214 992 3288 soleo,
1009 3223 1075 3272 tunc
1091 3231 1136 3271 me

135 3312 229 3364 tamen
247 3313 277 3363 ut
293 3318 367 3363 nova
387 3302 478 3361 omnia
492 3319 567 3362 novo
584 3309 660 3360 metu
680 3300 894 3379 permovebant.
927 3295 1137 3356 Obversabatur
1145 3307 1177 3359 12

136 3395 253 3466 praeter
264 3384 313 3447 illa
324 3404 397 3465 quae
408 3385 561 3465 supradixi
574 3402 676 3444 causae
688 3383 852 3444 difficultas:
871 3379 961 3440 stabat
972 3378 1056 3439 modo
1069 3397 1135 3440 con-

137 3469 258 3552 sularis,
281 3470 366 3530 modo
385 3469 541 3550 septemvir
556 3467 724 3547 epulonum,
747 3467 801 3527 iam
816 3472 954 3557 neutrum.
982 3461 1049 3525 Erat
1064 3481 1134 3542 ergo
1145 3469 1178 3523 13
