2588 4116
460 243 842 309 nnuucunicuscns.
1095 247 1158 325 243

149 394 289 457 solebant.
311 394 354 454 lta
369 394 444 455 lilius
461 414 495 455 ac
511 413 613 472 parens
628 413 684 454 uno
700 393 860 473 eodemque
874 406 1017 458 momento
1031 415 1091 458 rem
1100 417 1157 461 ma·

148 482 250 539 ximam
269 480 393 538 invicem
415 480 612 557 praestitistis:
638 476 688 538 ille
709 479 761 539 tibi
784 480 931 557 imperium
949 480 1043 559 dedit,
1070 492 1098 541 tu
1116 483 1157 543 illi

148 562 306 624 reddidisti.
342 562 429 624 Solus
445 579 517 640 ergo
531 561 636 623 adhoc
651 563 715 622 aevi
731 579 783 640 pro
797 580 914 622 munere
931 573 1007 624 tanto
1020 568 1096 644 paria
1110 585 1156 625 ac·

150 646 284 725 cipiendo
307 646 418 723 iecisti,
446 648 529 706 immo
547 645 622 706 ultro
644 646 755 707 dantem
774 646 925 724 obligasti:
951 651 1156 711 communicato

123 732 224 790 5enim
239 731 358 809 imperio
379 730 532 791 sollicitior
553 739 599 808 tu,
624 730 675 790 ille
696 732 827 791 securior
848 731 940 790 lactus
961 741 1015 792 est.
1060 731 1084 791 0
1106 735 1188 798 noi

149 833 214 874 vum
227 823 312 893 atque
327 814 481 875 inauditum
494 814 530 874 ad
546 817 734 893 principatum
750 813 818 875 iter!
849 813 913 875 Non
928 825 957 875 te
974 818 1090 895 propria
1105 835 1155 877 cu·

148 899 269 976 piditas,
295 900 429 976 proprius
451 908 561 976 metus,
589 898 642 959 scd
663 898 754 960 aliena
779 898 904 976 utilitas,
936 899 1047 959 alienus
1074 903 1157 962 timor

148 984 304 1060 principem
319 982 399 1042 iecit.
419 982 549 1044 videaris
562 982 631 1043 licet
645 984 722 1063 quod
739 993 784 1043 est
799 982 1001 1062 amplissimum
1017 1001 1156 1046 consecu-

147 1076 192 1128 tus
207 1069 281 1126 inter
293 1065 441 1143 homines,
456 1065 570 1128 felicius
587 1075 678 1127 tamen
690 1076 749 1127 erat
760 1066 830 1127 illud
842 1067 919 1147 quod
929 1067 1086 1146 reliquisti:
1103 1069 1156 1128 sub

107 1164 140 1215 10
149 1150 224 1211 bono
242 1150 372 1228 principe
388 1152 513 1229 privatus
531 1170 598 1212 esse
614 1151 722 1213 desisti.
745 1152 921 1230 Adsumptus
937 1171 970 1213 es
987 1154 1015 1211 in
1029 1150 1157 1213 laborum

149 1251 336 1311 curarumque
347 1235 533 1314 consortium,
548 1244 641 1295 necte
653 1253 792 1314 prospera
804 1245 833 1296 et
848 1235 922 1296 laeta
934 1237 1061 1294 stationis
1076 1238 1157 1298 istius

148 1318 201 1378 sed
216 1335 317 1396 aspera
334 1327 363 1378 et
381 1317 449 1378 dura
465 1317 501 1378 ad
516 1318 719 1397 capessendam
734 1336 796 1377 eam
809 1316 1012 1396 conpulerunt:
1027 1322 1157 1398 suscepi·

149 1403 186 1464 sti
203 1403 367 1479 imperium,
391 1411 541 1481 postquam
555 1401 640 1462 alium
656 1403 785 1480 suscepti
801 1401 973 1480 paenitebat.
1011 1399 1095 1462 Nulla
1109 1401 1158 1462 ad·

149 1486 239 1564 optati
254 1503 319 1544 cum
334 1502 370 1545 eo
385 1488 433 1565 qui
448 1486 600 1566 adoptabat
616 1487 765 1563 cognatio,
793 1485 869 1545 nulla
892 1484 1079 1547 necessitudo
1102 1488 1157 1547 nisi

107 1569 357 1649 aequaliterque
371 1572 494 1649 optimus
508 1580 585 1649 erat,
601 1569 760 1650 dignusque
773 1569 846 1630 alter
857 1568 937 1647 eligi,
952 1569 1025 1629 alter
1036 1569 1156 1647 eligere.
1211 1640 1216 1649 ,

148 1655 247 1732 ltaque
259 1654 409 1733 adoptatus
422 1673 472 1732 es,
489 1673 562 1731 non,
578 1664 608 1714 ut
621 1654 700 1733 prius
714 1653 785 1713 alius
798 1663 884 1733 atque
897 1653 986 1732 alius,
999 1654 1027 1713 in
1041 1656 1158 1731 gratiam

148 1739 253 1798 uxoris.
268 1737 396 1799 Adscivit
407 1740 482 1802 enim
495 1747 524 1800 te
534 1739 619 1798 lilium
629 1739 811 1799 nonvitricus
820 1737 872 1798 sed
882 1739 1029 1817 princeps,
1041 1738 1157 1798 eodem·
1242 1812 1245 1820 Ι

148 1841 204 1899 que
221 1823 312 1882 animo
328 1822 409 1884 divus
423 1821 519 1883 Nerva
535 1833 616 1902 pater
631 1831 696 1883 tuus
711 1821 804 1883 iactus
822 1831 867 1884 est
879 1840 935 1901 quo
948 1832 1008 1882 erat
1024 1824 1155 1882 omnium.

148 1905 210 1966 Nec
224 1906 307 1966 decet
318 1906 402 1966 aliter
413 1905 500 1966 lilium
507 1907 633 1984 adsumi,
651 1908 675 1968 si
686 1905 876 1968 adsumatma
888 1908 1027 1984 principe.
1049 1906 1094 1965 An
1110 1924 1156 1966 se·

105 1994 243 2049 donatum
263 1989 458 2067 populumque
472 1988 645 2066 Romanum,
667 1990 828 2065 exercitus,
855 1991 1034 2066 provincias,
1058 1991 1156 2050 socios

149 2074 364 2131 transmissurus
374 2073 432 2146 uni,
445 2090 647 2132 successorem
658 2091 674 2130 e
687 2073 750 2131 sinu
762 2071 859 2130 uxoris
867 2073 1006 2150 accipias,
1018 2090 1157 2132 summae·

149 2173 205 2233 que
221 2155 373 2233 potestatis
384 2151 521 2214 heredem
533 2164 638 2215 tantum
652 2155 722 2214 intra
735 2153 847 2214 domum
856 2163 931 2214 tuam
944 2152 1085 2233 quaeras?
1100 2173 1157 2215 non

149 2247 236 2299 totam
249 2255 302 2317 per
313 2239 455 2297 civitatem
470 2238 653 2298 circumferas
668 2237 780 2314 oculos,
796 2247 824 2297 et
835 2236 911 2296 bunc
924 2239 974 2298 tibi
986 2239 1155 2317 proximum,

149 2323 224 2383 hunc
240 2323 501 2383 coniunctissimum
517 2323 661 2384 existimes
676 2340 762 2401 quem
775 2322 928 2400 optimum,
945 2339 1029 2401 quem
1047 2321 1100 2383 diis
1118 2323 1156 2383 si·

106 2417 139 2469 25
149 2407 292 2467 millimum
306 2403 472 2467 inveneris?
494 2406 685 2486 lmperaturus
699 2407 828 2467 omnibus
841 2404 910 2483 eligi
922 2405 1009 2466 debet
1021 2424 1057 2466 ex
1069 2407 1157 2465 omni·

147 2493 212 2553 bus.
232 2490 296 2552 Non
311 2493 385 2552 enim
401 2490 525 2553 servulis
541 2490 597 2553 tuis
614 2489 772 2568 dominum,
795 2499 826 2550 ut
841 2491 938 2568 possis
953 2507 1021 2550 esse
1038 2499 1156 2550 conten·

148 2587 194 2636 tus
211 2577 291 2654 quasi
305 2577 471 2636 necessario
486 2575 611 2653 herede,
628 2574 681 2655 sed
697 2575 855 2653 principem
871 2573 981 2634 civibus
994 2572 1107 2634 daturus
1123 2591 1156 2632 es

148 2662 311 2738 imperator.
334 2658 495 2737 Superbum
508 2658 585 2721 istud
601 2667 631 2743 et
644 2659 766 2737 regium,
782 2659 836 2720 nisi
850 2658 973 2736 adoptes
989 2676 1055 2718 eum
1072 2675 1158 2736 quem

151 2750 263 2802 constet
274 2744 474 2821 imperaturum
485 2743 593 2820 fuisse,
609 2744 717 2803 etiamsi
731 2759 788 2803 non
802 2743 982 2822 adoptasses.
1005 2741 1087 2803 Fecit
1100 2741 1157 2800 boc

106 2825 262 2903 doNerva,
284 2825 352 2887 nihil
369 2829 510 2887 interesse
524 2827 672 2887 arbitratus
687 2829 821 2905 genueris
836 2845 871 2887 an
887 2826 1032 2905 elegeris,
1049 2826 1074 2884 si
1090 2843 1155 2903 per·

149 2911 215 2972 inde
235 2912 297 2971 sine
318 2910 422 2971 iudicio
438 2911 608 2990 adoptentur
622 2910 703 2972 liberi
718 2929 752 2971 ac
766 2920 935 2980 nascuntur:
955 2911 1009 2970 nisi
1025 2908 1101 2990 quod
1115 2917 1156 2970 ta-

149 3015 212 3056 men
227 2997 362 3074 aequiore
379 2996 469 3055 animo
493 2995 585 3056 ierunt
600 2995 728 3056 homines
745 3013 829 3075 quem
843 2998 981 3073 princeps
997 3012 1096 3071 parum
1113 2992 1155 3052 ie-

149 3081 245 3141 liciter
266 3081 365 3157 genuit
386 3097 468 3159 quam
490 3096 574 3158 quem
595 3079 668 3139 male
688 3079 787 3157 elegit.
832 3077 941 3139 Sedulo
965 3095 1037 3154 ergo
1058 3079 1156 3136 vitavit
1176 3077 1197 3138 8

150 3162 354 3241 hunc'casum,
380 3182 434 3224 nec
449 3163 551 3224 iudicia
565 3162 706 3223 homiuum
728 3163 780 3223 sed
802 3161 918 3222 deorum
941 3161 1024 3220 etiam
1042 3160 1070 3219 in
1088 3177 1154 3219 con-

107 3257 142 3313 35
153 3247 246 3309 silium
267 3248 434 3326 adsumpsit.
472 3246 571 3327 Itaque
591 3249 631 3306 tui
651 3264 708 3307 non
729 3249 757 3306 in
773 3243 906 3305 cubiculo
922 3243 974 3305 sed
990 3242 1154 3321 intemplo,

151 3351 205 3393 nec
221 3342 285 3392 ante
300 3330 440 3408 genialem
456 3340 546 3392 torum
561 3331 613 3392 sed
627 3341 692 3391 ante
706 3329 834 3407 pulvinar
844 3324 922 3388 lo'vis
935 3328 1032 3405 optimi
1043 3326 1156 3386 maximi

151 3416 267 3494 adoptio
282 3425 399 3494 peracta
414 3424 473 3485 est;
489 3433 543 3495 qua
557 3414 668 3476 tandem
683 3429 739 3473 non
754 3413 875 3472 servitus
891 3420 988 3471 nostra
1003 3411 1055 3472 sed
1070 3409 1154 3470 liber·

152 3510 194 3560 tas
208 3509 237 3560 et
248 3499 324 3562 salus
338 3509 367 3560 et
380 3500 519 3561 securitas
532 3499 707 3560 fundabatur.
734 3495 793 3556 Sibi
810 3496 883 3556 enim
897 3494 1016 3641 gqppiam
1030 3494 1106 3555 illam
1117 3493 1155 3555 dii
