2588 4116
663 171 696 231 G.
719 171 815 230 PblNl

721 322 758 382 X.

522 423 549 472 G.
568 422 695 474 Ple'lUS
714 421 833 473 ALBINO
849 420 910 473 SUO
929 421 956 475 S.

211 555 225 604 l
297 537 369 599 Cum
383 540 526 598 venissem
540 541 568 597 in
582 557 683 600 socrus
696 557 778 600 meae
791 537 888 598 villam
903 536 1081 612 Alsiensem,
1099 555 1172 615 quac
1187 539 1237 599 ali·

235 624 349 704 quando
363 621 427 682 unu
441 621 557 699 Vergim
579 621 647 700 luit,
668 625 733 701 ipsc
751 621 817 681 mibi
836 620 919 682 locus
936 622 1032 699 optimi
1045 618 1122 680 illins
1137 631 1167 681 et
1180 642 1237 683 ma·

238 710 305 769 nimi
325 706 378 766 viri
401 705 572 766 desiderium
594 722 652 765 nou
668 709 730 766 sine
752 704 853 766 dolore
868 707 1023 765 renovavit.
1057 702 1140 764 llunc
1162 710 1259 770 enims

238 791 337 852 colere
353 806 501 849 secessum
522 798 606 866 atquc
627 792 711 850 etiam
730 789 887 850 senectutis
908 806 976 848 suae
992 785 1116 848 nidulum
1130 807 1236 850 vocare

210 881 434 937 aconsueverat.
457 871 644 951 Quocumque
660 891 705 933 me
717 871 913 950 contulissem,
927 871 1006 932 illum
1021 872 1143 950 animus,
1157 871 1236 932 illum

238 958 314 1018 oculi
332 955 523 1034 requirebant.
556 956 648 1017 Libuit
669 959 753 1024 etiam
766 958 966 1016 monimentum
982 956 1044 1015 cius
1064 955 1180 1032 uidere,
1207 967 1236 1016 et

207 1041 340 1103 arruisse
355 1040 499 1118 paenituit.
533 1038 587 1100 Est
602 1041 677 1099 enim
688 1039 779 1100 adbuc
793 1039 998 1119 inperfectum,
1015 1056 1070 1098 nec
1084 1038 1236 1101 difficultas

235 1125 331 1203 operis
346 1125 375 1182 in
390 1139 491 1199 causa,
513 1123 616 1183 modici
636 1141 671 1183 ac
686 1125 781 1201 potius
795 1125 907 1200 exigui,
930 1122 984 1183 sed
998 1123 1097 1182 inertia
1110 1124 1172 1183 eius
1189 1126 1275 1183 cnilo

235 1225 303 1266 cura
321 1207 448 1266 mandata
466 1216 520 1267 est.
555 1206 637 1268 Subit
649 1207 802 1284 indignatio
816 1225 880 1267 cum
894 1206 1090 1282 miseratione,
1105 1216 1172 1284 post
1186 1206 1236 1267 de·

236 1293 338 1351 cimam
351 1292 449 1350 mortis
465 1309 565 1351 annum
577 1290 712 1370 reliquias
727 1290 945 1369 neglectumque
961 1290 1085 1348 cinerem
1096 1291 1157 1349 sine
1172 1290 1236 1349 titu-

235 1374 281 1452 lo,
303 1377 365 1436 sinc
382 1377 492 1435 nomine
508 1378 621 1453 iacere,
644 1377 724 1436 cuius
738 1375 871 1435 memoria
884 1374 982 1433 orbem
995 1381 1132 1433 terrarum
1145 1372 1237 1451 gloria

211 1471 228 1522 4
236 1467 418 1538 pervagetur.
440 1458 486 1517 Ad
501 1458 550 1519 ille
562 1458 741 1518 mandaverat
755 1468 926 1537 caveratque
941 1467 972 1516 ut
987 1456 1109 1515 divinum
1121 1455 1192 1517 illud
1208 1465 1237 1517 et

236 1540 383 1601 inmortale
398 1541 503 1600 lactum
516 1542 647 1602 versibus
663 1542 879 1604 inscriberetur:
1245 1552 1273 1603 15

349 1623 398 1683 hic
413 1626 484 1684 situs
500 1633 545 1684 est
559 1618 668 1701 Rufus,
689 1624 773 1703 pulso
788 1629 835 1704 qui
849 1624 966 1685 Vindice
982 1624 1122 1703 quondam

426 1709 573 1784 imperium
587 1708 712 1768 adseruit
727 1727 782 1769 non
797 1711 851 1770 sibi
865 1709 917 1769 sed
932 1710 1050 1787 patriae.

210 1792 303 1852 olam
317 1808 379 1850 rara
395 1791 424 1850 in
444 1791 572 1851 amicitiis
589 1791 678 1870 tides,
699 1802 754 1852 tam
776 1803 871 1873 parata
893 1792 999 1852 oblivio
1016 1799 1188 1851 mortuorum
1206 1802 1236 1850 ut

234 1877 289 1954 ipsi
304 1874 386 1934 nobis
402 1872 555 1934 debeamus
569 1877 653 1935 etiam
668 1876 823 1937 conditoria
840 1885 971 1937 extruere
987 1875 1136 1953 omniaque
1153 1874 1236 1934 bere·

209 1958 300 2020 fidum
312 1957 405 2017 oilicia
422 1975 614 2036 praesumere.
642 1957 713 2019 Nam
728 1963 773 2021 cui
791 1978 848 2021 non
870 1969 915 2021 est
928 1958 1082 2019 uerendum
1100 1957 1176 2036 quod
1192 1959 1276 2025 vi-oo

235 2041 333 2102 demus
355 2043 497 2103 accidisse
513 2041 672 2120 Verginio?
697 2048 777 2105 cuius
798 2046 924 2104 iniuriam
942 2053 972 2104 ut
991 2043 1177 2121 indigniorem
1192 2042 1236 2102 sic

235 2127 318 2186 etiam
332 2127 471 2187 notiorem
485 2128 576 2207 ipsius
592 2126 703 2189 claritas
720 2127 796 2188 lacit.
826 2126 907 2188 Vale.

712 2277 763 2337 ΧΙ.

514 2374 684 2426 o.1>uru1us
702 2371 831 2423 armano
847 2370 907 2420 suo
926 2369 952 2421 a.

209 2509 222 2558 1
298 2492 411 2552 Odiem
426 2490 546 2552 laetum!
569 2488 707 2549 adhibitos
728 2491 756 2547 in
774 2487 921 2548 consilium
939 2505 956 2564 a
979 2487 1127 2566 praefecto
1142 2490 1235 2569 urbis,

234 2575 325 2632 audivi
341 2592 378 2631 ex
393 2572 507 2631 diverso
519 2579 638 2646 agentes
653 2587 777 2631 summae
792 2573 871 2649 spei,
895 2588 1019 2631 summae
1036 2571 1138 2632 indolis
1154 2575 1236 2635 iuve-

1247 2422 1279 2474 25

233 2675 302 2730 nes,
317 2653 440 2713 Fuscum
457 2652 640 2713 Salinatorem
655 2662 684 2713 et
697 2652 863 2713 Ummidium
880 2653 1066 2733 Quadratum,
1085 2661 1235 2734 egregium

233 2755 284 2815 par
299 2754 354 2795 nec
373 2733 457 2795 modo
472 2736 647 2814 temporibus
669 2740 774 2797 nostris
795 2738 848 2799 sed
862 2738 965 2800 litteris
979 2741 1051 2818 ipsis
1066 2751 1233 2802 ornamento

207 2819 362 2883 pluiturum.
384 2816 454 2876 llira
470 2819 582 2897 utrique
597 2822 741 2899 probitas,
760 2825 915 2884 constantia
929 2822 1024 2901 salva,
1047 2823 1169 2884 decorus
1184 2825 1232 2884 ha·
1242 2832 1277 2885 30

233 2903 319 2978 bitus,
335 2917 369 2960 os
381 2899 518 2979 Latinum,
533 2920 590 2964 vox
605 2905 705 2983 virilis,
717 2915 805 2967 tenax
819 2909 963 2985 memoria,
979 2925 1109 2984 magnum
1123 2909 1233 2985 iugeni-

231 3004 289 3063 um,
304 2984 435 3045 iudicium
450 2987 585 3065 acquale;
601 3008 673 3069 quae
687 2989 797 3069 singule
813 2989 879 3051 mihi
893 2990 1033 3071 voluptati
1048 2991 1172 3067 luerunt,
1185 2992 1233 3051 ad·

232 3088 288 3148 que
309 3071 383 3130 inter
401 3069 474 3137 baec
494 3071 580 3151 illud,
604 3074 681 3153 quod
701 3084 731 3135 et
749 3077 805 3152 ipsi
820 3093 865 3136 me
881 3083 912 3135 nt
925 3085 1085 3153 rectorem,
1101 3085 1131 3135 nt
1145 3077 1233 3151 magi·

231 3163 319 3214 strum
338 3155 517 3216 intuebantur
537 3167 567 3217 et
586 3159 621 3218 iis
642 3160 690 3236 qui
708 3158 858 3219 audiebant
871 3177 917 3219 mo
932 3157 1084 3235 aemulari,
1105 3160 1231 3218 maisin·

204 3246 306 3300 astare
320 3241 451 3317 vestigiis
466 3240 640 3302 videbantur.
675 3241 700 3301 0
714 3243 788 3303 diem
803 3245 944 3321 (repetam
958 3243 1047 3321 enim)
1064 3240 1167 3302 laetum
1182 3258 1231 3301 no·
1240 3250 1275 3305 35

232 3325 402 3400 tardumque
423 3323 489 3383 milri
511 3324 708 3386 candidissimo
724 3324 849 3387 calculo!
879 3325 952 3399 Quid
967 3328 1041 3386 enim
1054 3336 1101 3386 aut
1116 3325 1231 3403 publice

231 3402 333 3463 laetius
354 3424 438 3482 quam
459 3407 631 3470 clarissimos
651 3410 769 3469 iuvenes
788 3427 891 3469 nornen
912 3420 942 3470 et
962 3410 1060 3469 famam
1082 3427 1118 3469 er
1133 3408 1231 3469 studiis
