<?xml version="1.0" encoding="UTF-8"?>
<!DOCTYPE html PUBLIC "-//W3C//DTD XHTML 1.0 Transitional//EN"
    "http://www.w3.org/TR/xhtml1/DTD/xhtml1-transitional.dtd">
<html xmlns="http://www.w3.org/1999/xhtml" xml:lang="en" lang="en">
 <head>
  <title>
</title>
<meta http-equiv="Content-Type" content="text/html;charset=utf-8" />
  <meta name='ocr-system' content='tesseract 3.04.00' />
  <meta name='ocr-capabilities' content='ocr_page ocr_carea ocr_par ocr_line ocrx_word'/>
</head>
<body>
  <div class='ocr_page' id='page_1' title='image "./cplinicaccilise00plingoog_0166.png"; bbox 0 0 2588 4116; ppageno 0'>
   <div class='ocr_carea' id='block_1_1' title="bbox 233 219 804 290">
    <p class='ocr_par' dir='ltr' id='par_1_1' title="bbox 233 219 804 290">
     <span class='ocr_line' id='line_1_1' title="bbox 233 219 804 290; baseline -0.018 0"><span class='ocrx_word' id='word_1_1' title='bbox 233 228 294 290; x_wconf 86' lang='grc'>148</span> <span class='ocrx_word' id='word_1_2' title='bbox 654 220 687 281; x_wconf 83' lang='lat' dir='ltr'>G.</span> <span class='ocrx_word' id='word_1_3' title='bbox 707 219 804 282; x_wconf 86' lang='lat' dir='ltr'>Pthl</span> 
     </span>
    </p>
   </div>
   <div class='ocr_carea' id='block_1_2' title="bbox 165 371 1287 1374">
    <p class='ocr_par' dir='ltr' id='par_1_2' title="bbox 165 371 1287 1374">
     <span class='ocr_line' id='line_1_2' title="bbox 231 371 1233 457; baseline -0.008 -17"><span class='ocrx_word' id='word_1_4' title='bbox 231 380 373 457; x_wconf 90' lang='lat' dir='ltr'>hospitio,</span> <span class='ocrx_word' id='word_1_5' title='bbox 401 384 431 435; x_wconf 90' lang='lat' dir='ltr'>ut</span> <span class='ocrx_word' id='word_1_6' title='bbox 445 376 548 435; x_wconf 91' lang='lat' dir='ltr'>bonum</span> <span class='ocrx_word' id='word_1_7' title='bbox 562 383 670 451; x_wconf 87' lang='lat' dir='ltr'>patrem</span> <span class='ocrx_word' id='word_1_8' title='bbox 686 371 823 447; x_wconf 82' lang='lat' dir='ltr'>familiae,</span> <span class='ocrx_word' id='word_1_9' title='bbox 851 382 880 431; x_wconf 95' lang='lat' dir='ltr'>ut</span> <span class='ocrx_word' id='word_1_10' title='bbox 898 371 1062 448; x_wconf 79' lang='lat' dir='ltr'><strong>diligentem</strong></span> <span class='ocrx_word' id='word_1_11' title='bbox 1075 372 1233 449; x_wconf 85' lang='lat' dir='ltr'>agricolam</span> 
     </span>
     <span class='ocr_line' id='line_1_3' title="bbox 231 454 1233 538; baseline -0.006 -15"><span class='ocrx_word' id='word_1_12' title='bbox 231 463 372 538; x_wconf 87' lang='lat' dir='ltr'>intuebar,</span> <span class='ocrx_word' id='word_1_13' title='bbox 389 458 483 519; x_wconf 91' lang='lat' dir='ltr'>dehis</span> <span class='ocrx_word' id='word_1_14' title='bbox 498 457 644 517; x_wconf 86' lang='lat' dir='ltr'>locuturus</span> <span class='ocrx_word' id='word_1_15' title='bbox 659 458 687 515; x_wconf 92' lang='lat' dir='ltr'>in</span> <span class='ocrx_word' id='word_1_16' title='bbox 702 455 803 534; x_wconf 88' lang='lat' dir='ltr'>quihus</span> <span class='ocrx_word' id='word_1_17' title='bbox 818 454 895 513; x_wconf 92' lang='lat' dir='ltr'>illum</span> <span class='ocrx_word' id='word_1_18' title='bbox 910 458 1017 515; x_wconf 88' lang='lat' dir='ltr'>versari</span> <span class='ocrx_word' id='word_1_19' title='bbox 1032 457 1191 534; x_wconf 51' lang='lat' dir='ltr'>putabam&gt;</span> <span class='ocrx_word' id='word_1_20' title='bbox 1203 468 1233 517; x_wconf 90' lang='lat' dir='ltr'>et</span> 
     </span>
     <span class='ocr_line' id='line_1_4' title="bbox 234 540 1234 625; baseline -0.009 -17"><span class='ocrx_word' id='word_1_21' title='bbox 234 562 402 625; x_wconf 81' lang='lat' dir='ltr'>coeperam,</span> <span class='ocrx_word' id='word_1_22' title='bbox 428 560 491 603; x_wconf 88' lang='lat' dir='ltr'>cum</span> <span class='ocrx_word' id='word_1_23' title='bbox 507 541 556 601; x_wconf 92' lang='lat' dir='ltr'>ille</span> <span class='ocrx_word' id='word_1_24' title='bbox 574 560 619 600; x_wconf 94' lang='lat' dir='ltr'>me</span> <span class='ocrx_word' id='word_1_25' title='bbox 634 540 799 600; x_wconf 90' lang='lat' dir='ltr'>doctissimo</span> <span class='ocrx_word' id='word_1_26' title='bbox 814 557 945 598; x_wconf 82' lang='lat' dir='ltr'>sermone</span> <span class='ocrx_word' id='word_1_27' title='bbox 957 541 1104 600; x_wconf 89' lang='lat' dir='ltr'>revocavit</span> <span class='ocrx_word' id='word_1_28' title='bbox 1123 541 1157 598; x_wconf 89' lang='lat' dir='ltr'>ad</span> <span class='ocrx_word' id='word_1_29' title='bbox 1174 551 1234 601; x_wconf 91' lang='lat' dir='ltr'>stu·</span> 
     </span>
     <span class='ocr_line' id='line_1_5' title="bbox 211 621 1233 702; baseline -0.007 -11"><span class='ocrx_word' id='word_1_30' title='bbox 211 631 290 692; x_wconf 76' lang='lat' dir='ltr'>ldia.</span> <span class='ocrx_word' id='word_1_31' title='bbox 312 628 401 702; x_wconf 80' lang='lat' dir='ltr'>Quam</span> <span class='ocrx_word' id='word_1_32' title='bbox 416 637 492 687; x_wconf 87' lang='lat' dir='ltr'>tersa</span> <span class='ocrx_word' id='word_1_33' title='bbox 506 623 611 685; x_wconf 85' lang='lat' dir='ltr'>omnia!</span> <span class='ocrx_word' id='word_1_34' title='bbox 627 641 708 702; x_wconf 88' lang='lat' dir='ltr'>quam</span> <span class='ocrx_word' id='word_1_35' title='bbox 724 621 833 682; x_wconf 83' lang='lat' dir='ltr'>Latina!</span> <span class='ocrx_word' id='word_1_36' title='bbox 849 641 929 700; x_wconf 87' lang='lat' dir='ltr'>quam</span> <span class='ocrx_word' id='word_1_37' title='bbox 945 621 1066 682; x_wconf 87' lang='lat' dir='ltr'>Graeca!</span> <span class='ocrx_word' id='word_1_38' title='bbox 1084 623 1154 682; x_wconf 88' lang='lat' dir='ltr'>Nam</span> <span class='ocrx_word' id='word_1_39' title='bbox 1173 635 1233 684; x_wconf 90' lang='lat' dir='ltr'>tan·</span> 
     </span>
     <span class='ocr_line' id='line_1_6' title="bbox 232 706 1256 789; baseline -0.007 -15"><span class='ocrx_word' id='word_1_40' title='bbox 232 724 291 775; x_wconf 91' lang='lat' dir='ltr'>tum</span> <span class='ocrx_word' id='word_1_41' title='bbox 311 722 429 789; x_wconf 85' lang='lat' dir='ltr'>utraque</span> <span class='ocrx_word' id='word_1_42' title='bbox 451 711 546 787; x_wconf 80' lang='lat' dir='ltr'>lingua</span> <span class='ocrx_word' id='word_1_43' title='bbox 563 706 640 768; x_wconf 88' lang='lat' dir='ltr'>valet</span> <span class='ocrx_word' id='word_1_44' title='bbox 661 717 691 767; x_wconf 94' lang='lat' dir='ltr'>ut</span> <span class='ocrx_word' id='word_1_45' title='bbox 713 724 746 766; x_wconf 84' lang='lat' dir='ltr'>ea</span> <span class='ocrx_word' id='word_1_46' title='bbox 768 708 856 782; x_wconf 86' lang='lat' dir='ltr'>magis</span> <span class='ocrx_word' id='word_1_47' title='bbox 870 706 998 766; x_wconf 83' lang='lat' dir='ltr'>videntur</span> <span class='ocrx_word' id='word_1_48' title='bbox 1013 707 1161 768; x_wconf 85' lang='lat' dir='ltr'>excellere</span> <span class='ocrx_word' id='word_1_49' title='bbox 1177 717 1256 787; x_wconf 74' lang='lat' dir='ltr'>quat</span> 
     </span>
     <span class='ocr_line' id='line_1_7' title="bbox 206 789 1232 871; baseline -0.006 -13"><span class='ocrx_word' id='word_1_50' title='bbox 206 791 296 858; x_wconf 64' lang='lat' dir='ltr'>⁴cum</span> <span class='ocrx_word' id='word_1_51' title='bbox 318 796 436 856; x_wconf 83' lang='lat' dir='ltr'>maxime</span> <span class='ocrx_word' id='word_1_52' title='bbox 463 793 596 871; x_wconf 87' lang='lat' dir='ltr'>loquitur.</span> <span class='ocrx_word' id='word_1_53' title='bbox 636 791 775 865; x_wconf 80' lang='lat' dir='ltr'>Quantum</span> <span class='ocrx_word' id='word_1_54' title='bbox 799 789 848 849; x_wconf 89' lang='lat' dir='ltr'>ille</span> <span class='ocrx_word' id='word_1_55' title='bbox 871 789 956 867; x_wconf 79' lang='lat' dir='ltr'>legit!</span> <span class='ocrx_word' id='word_1_56' title='bbox 983 801 1114 867; x_wconf 87' lang='lat' dir='ltr'>quantum</span> <span class='ocrx_word' id='word_1_57' title='bbox 1139 792 1232 852; x_wconf 82' lang='lat' dir='ltr'>tenet!</span> 
     </span>
     <span class='ocr_line' id='line_1_8' title="bbox 207 872 1233 953; baseline -0.007 -12"><span class='ocrx_word' id='word_1_58' title='bbox 207 881 352 942; x_wconf 74' lang='lat' dir='ltr'>ththenis</span> <span class='ocrx_word' id='word_1_59' title='bbox 369 878 468 937; x_wconf 82' lang='lat' dir='ltr'>vivere</span> <span class='ocrx_word' id='word_1_60' title='bbox 483 877 634 953; x_wconf 89' lang='lat' dir='ltr'>hominem,</span> <span class='ocrx_word' id='word_1_61' title='bbox 650 893 706 935; x_wconf 92' lang='lat' dir='ltr'>non</span> <span class='ocrx_word' id='word_1_62' title='bbox 719 877 747 934; x_wconf 94' lang='lat' dir='ltr'>in</span> <span class='ocrx_word' id='word_1_63' title='bbox 765 872 831 932; x_wconf 87' lang='lat' dir='ltr'>villa</span> <span class='ocrx_word' id='word_1_64' title='bbox 852 884 945 952; x_wconf 88' lang='lat' dir='ltr'>putes.</span> <span class='ocrx_word' id='word_1_65' title='bbox 972 873 1045 946; x_wconf 83' lang='lat' dir='ltr'>Quid</span> <span class='ocrx_word' id='word_1_66' title='bbox 1062 872 1170 934; x_wconf 81' lang='lat' dir='ltr'>multa?</span> <span class='ocrx_word' id='word_1_67' title='bbox 1185 894 1233 934; x_wconf 87' lang='lat' dir='ltr'>an-</span> 
     </span>
     <span class='ocr_line' id='line_1_9' title="bbox 165 957 1232 1036; baseline -0.004 -13"><span class='ocrx_word' id='word_1_68' title='bbox 165 1026 167 1031; x_wconf 56' lang='lat'>,</span> <span class='ocrx_word' id='word_1_69' title='bbox 232 966 274 1023; x_wconf 79' lang='lat' dir='ltr'>xit</span> <span class='ocrx_word' id='word_1_70' title='bbox 296 961 514 1022; x_wconf 89' lang='lat' dir='ltr'>sollicitudinem</span> <span class='ocrx_word' id='word_1_71' title='bbox 534 977 623 1018; x_wconf 90' lang='lat' dir='ltr'>meam</span> <span class='ocrx_word' id='word_1_72' title='bbox 646 960 799 1036; x_wconf 79' lang='lat' dir='ltr'>effecitque</span> <span class='ocrx_word' id='word_1_73' title='bbox 822 966 851 1016; x_wconf 94' lang='lat' dir='ltr'>ut</span> <span class='ocrx_word' id='word_1_74' title='bbox 874 957 931 1016; x_wconf 88' lang='lat' dir='ltr'>illis</span> <span class='ocrx_word' id='word_1_75' title='bbox 953 975 1025 1035; x_wconf 86' lang='lat' dir='ltr'>quos</span> <span class='ocrx_word' id='word_1_76' title='bbox 1048 957 1232 1019; x_wconf 89' lang='lat' dir='ltr'>doctissimos</span> 
     </span>
     <span class='ocr_line' id='line_1_10' title="bbox 232 1040 1287 1119; baseline -0.003 -14"><span class='ocrx_word' id='word_1_77' title='bbox 232 1049 298 1106; x_wconf 92' lang='lat' dir='ltr'>novi</span> <span class='ocrx_word' id='word_1_78' title='bbox 312 1064 368 1105; x_wconf 92' lang='lat' dir='ltr'>non</span> <span class='ocrx_word' id='word_1_79' title='bbox 384 1047 474 1104; x_wconf 88' lang='lat' dir='ltr'>minus</span> <span class='ocrx_word' id='word_1_80' title='bbox 488 1044 542 1104; x_wconf 92' lang='lat' dir='ltr'>hos</span> <span class='ocrx_word' id='word_1_81' title='bbox 560 1042 695 1107; x_wconf 83' lang='lat' dir='ltr'>seductos</span> <span class='ocrx_word' id='word_1_82' title='bbox 714 1052 743 1102; x_wconf 90' lang='lat' dir='ltr'>et</span> <span class='ocrx_word' id='word_1_83' title='bbox 765 1042 848 1119; x_wconf 84' lang='lat' dir='ltr'>quasi</span> <span class='ocrx_word' id='word_1_84' title='bbox 867 1043 991 1101; x_wconf 88' lang='lat' dir='ltr'>rusticos</span> <span class='ocrx_word' id='word_1_85' title='bbox 1011 1058 1121 1101; x_wconf 85' lang='lat' dir='ltr'>verear.</span> <span class='ocrx_word' id='word_1_86' title='bbox 1152 1041 1232 1102; x_wconf 90' lang='lat' dir='ltr'>Idem</span> <span class='ocrx_word' id='word_1_87' title='bbox 1284 1040 1287 1045; x_wconf 81' lang='lat'>&#39;</span> 
     </span>
     <span class='ocr_line' id='line_1_11' title="bbox 207 1125 1273 1193; baseline -0.004 -1"><span class='ocrx_word' id='word_1_88' title='bbox 207 1129 338 1193; x_wconf 78' lang='lat' dir='ltr'>tsuadeo</span> <span class='ocrx_word' id='word_1_89' title='bbox 350 1129 409 1189; x_wconf 92' lang='lat' dir='ltr'>tibi.</span> <span class='ocrx_word' id='word_1_90' title='bbox 440 1127 510 1189; x_wconf 89' lang='lat' dir='ltr'>Sunt</span> <span class='ocrx_word' id='word_1_91' title='bbox 522 1129 595 1188; x_wconf 90' lang='lat' dir='ltr'>enim</span> <span class='ocrx_word' id='word_1_92' title='bbox 611 1130 681 1187; x_wconf 90' lang='lat' dir='ltr'>utin</span> <span class='ocrx_word' id='word_1_93' title='bbox 697 1128 796 1186; x_wconf 88' lang='lat' dir='ltr'>castris</span> <span class='ocrx_word' id='word_1_94' title='bbox 813 1127 855 1185; x_wconf 88' lang='lat' dir='ltr'>sic</span> <span class='ocrx_word' id='word_1_95' title='bbox 870 1127 954 1184; x_wconf 88' lang='lat' dir='ltr'>etiam</span> <span class='ocrx_word' id='word_1_96' title='bbox 968 1128 996 1183; x_wconf 89' lang='lat' dir='ltr'>in</span> <span class='ocrx_word' id='word_1_97' title='bbox 1009 1125 1111 1184; x_wconf 88' lang='lat' dir='ltr'>litteris</span> <span class='ocrx_word' id='word_1_98' title='bbox 1127 1127 1231 1186; x_wconf 90' lang='lat' dir='ltr'>nostris</span> <span class='ocrx_word' id='word_1_99' title='bbox 1240 1138 1273 1188; x_wconf 86' lang='lat'>10</span> 
     </span>
     <span class='ocr_line' id='line_1_12' title="bbox 233 1209 1228 1291; baseline -0.004 -20"><span class='ocrx_word' id='word_1_100' title='bbox 233 1212 329 1291; x_wconf 86' lang='lat' dir='ltr'>plures</span> <span class='ocrx_word' id='word_1_101' title='bbox 346 1212 422 1272; x_wconf 90' lang='lat' dir='ltr'>cultu</span> <span class='ocrx_word' id='word_1_102' title='bbox 437 1230 565 1291; x_wconf 85' lang='lat' dir='ltr'>pagano,</span> <span class='ocrx_word' id='word_1_103' title='bbox 585 1229 656 1289; x_wconf 90' lang='lat' dir='ltr'>quos</span> <span class='ocrx_word' id='word_1_104' title='bbox 674 1212 783 1270; x_wconf 88' lang='lat' dir='ltr'>cinctos</span> <span class='ocrx_word' id='word_1_105' title='bbox 798 1218 827 1268; x_wconf 90' lang='lat' dir='ltr'>et</span> <span class='ocrx_word' id='word_1_106' title='bbox 847 1219 994 1285; x_wconf 85' lang='lat' dir='ltr'>armatos,</span> <span class='ocrx_word' id='word_1_107' title='bbox 1006 1218 1035 1268; x_wconf 90' lang='lat' dir='ltr'>et</span> <span class='ocrx_word' id='word_1_108' title='bbox 1056 1209 1167 1285; x_wconf 87' lang='lat' dir='ltr'>quidem</span> <span class='ocrx_word' id='word_1_109' title='bbox 1186 1227 1228 1267; x_wconf 91' lang='lat' dir='ltr'>ar-</span> 
     </span>
     <span class='ocr_line' id='line_1_13' title="bbox 233 1290 1126 1374; baseline -0.006 -17"><span class='ocrx_word' id='word_1_110' title='bbox 233 1297 399 1358; x_wconf 89' lang='lat' dir='ltr'>dentissimo</span> <span class='ocrx_word' id='word_1_111' title='bbox 411 1299 538 1374; x_wconf 83' lang='lat' dir='ltr'>ingenio,</span> <span class='ocrx_word' id='word_1_112' title='bbox 557 1295 708 1372; x_wconf 78' lang='lat' dir='ltr'>diligenter</span> <span class='ocrx_word' id='word_1_113' title='bbox 722 1302 862 1354; x_wconf 88' lang='lat' dir='ltr'>scrutatus</span> <span class='ocrx_word' id='word_1_114' title='bbox 877 1293 1014 1352; x_wconf 82' lang='lat' dir='ltr'>inuenies.</span> <span class='ocrx_word' id='word_1_115' title='bbox 1045 1290 1126 1352; x_wconf 82' lang='lat' dir='ltr'>Vale.</span> 
     </span>
    </p>
   </div>
   <div class='ocr_carea' id='block_1_3' title="bbox 510 1427 1271 1607">
    <p class='ocr_par' dir='ltr' id='par_1_3' title="bbox 510 1427 1271 1607">
     <span class='ocr_line' id='line_1_14' title="bbox 676 1427 779 1487; baseline -0.029 0"><span class='ocrx_word' id='word_1_116' title='bbox 676 1427 779 1487; x_wconf 86' lang='lat' dir='ltr'><strong>XXVI.</strong></span> 
     </span>
     <span class='ocr_line' id='line_1_15' title="bbox 510 1524 1271 1607; baseline -0.004 -31"><span class='ocrx_word' id='word_1_117' title='bbox 510 1527 537 1578; x_wconf 90' lang='lat' dir='ltr'>o.</span> <span class='ocrx_word' id='word_1_118' title='bbox 556 1526 679 1576; x_wconf 80' lang='lat' dir='ltr'>numius</span> <span class='ocrx_word' id='word_1_119' title='bbox 699 1525 827 1576; x_wconf 79' lang='lat' dir='ltr'>nrnmuo</span> <span class='ocrx_word' id='word_1_120' title='bbox 846 1524 907 1575; x_wconf 88' lang='lat' dir='ltr'>suo</span> <span class='ocrx_word' id='word_1_121' title='bbox 926 1525 952 1575; x_wconf 89' lang='lat' dir='ltr'>s.</span> <span class='ocrx_word' id='word_1_122' title='bbox 1240 1557 1271 1607; x_wconf 72' lang='lat'>,5</span> 
     </span>
    </p>
   </div>
   <div class='ocr_carea' id='block_1_4' title="bbox 206 1625 1231 1707">
    <p class='ocr_par' dir='ltr' id='par_1_4' title="bbox 206 1625 1231 1707">
     <span class='ocr_line' id='line_1_16' title="bbox 206 1625 1231 1707; baseline -0.005 -17"><span class='ocrx_word' id='word_1_123' title='bbox 206 1640 220 1690; x_wconf 94' lang='lat'>1</span> <span class='ocrx_word' id='word_1_124' title='bbox 292 1629 389 1707; x_wconf 88' lang='lat' dir='ltr'>Nuper</span> <span class='ocrx_word' id='word_1_125' title='bbox 404 1646 449 1687; x_wconf 91' lang='lat' dir='ltr'>me</span> <span class='ocrx_word' id='word_1_126' title='bbox 466 1626 610 1686; x_wconf 88' lang='lat' dir='ltr'>cuiusdam</span> <span class='ocrx_word' id='word_1_127' title='bbox 627 1627 708 1684; x_wconf 92' lang='lat' dir='ltr'>amici</span> <span class='ocrx_word' id='word_1_128' title='bbox 726 1625 845 1703; x_wconf 83' lang='lat' dir='ltr'>languor</span> <span class='ocrx_word' id='word_1_129' title='bbox 861 1627 1003 1686; x_wconf 89' lang='lat' dir='ltr'>admonuit</span> <span class='ocrx_word' id='word_1_130' title='bbox 1024 1629 1147 1704; x_wconf 90' lang='lat' dir='ltr'>optimos</span> <span class='ocrx_word' id='word_1_131' title='bbox 1164 1645 1231 1687; x_wconf 89' lang='lat' dir='ltr'>esse</span> 
     </span>
    </p>
   </div>
   <div class='ocr_carea' id='block_1_5' title="bbox 140 1708 1275 2706">
    <p class='ocr_par' dir='ltr' id='par_1_5' title="bbox 140 1708 1275 2706">
     <span class='ocr_line' id='line_1_17' title="bbox 231 1708 1232 1789; baseline -0.002 -19"><span class='ocrx_word' id='word_1_132' title='bbox 231 1731 295 1789; x_wconf 87' lang='lat' dir='ltr'>nos,</span> <span class='ocrx_word' id='word_1_133' title='bbox 312 1712 376 1771; x_wconf 94' lang='lat' dir='ltr'>dum</span> <span class='ocrx_word' id='word_1_134' title='bbox 392 1712 491 1769; x_wconf 87' lang='lat' dir='ltr'>infirmi</span> <span class='ocrx_word' id='word_1_135' title='bbox 507 1728 611 1770; x_wconf 89' lang='lat' dir='ltr'>sumus.</span> <span class='ocrx_word' id='word_1_136' title='bbox 646 1708 738 1782; x_wconf 84' lang='lat' dir='ltr'>Quem</span> <span class='ocrx_word' id='word_1_137' title='bbox 753 1712 826 1769; x_wconf 86' lang='lat' dir='ltr'>enim</span> <span class='ocrx_word' id='word_1_138' title='bbox 843 1710 980 1768; x_wconf 87' lang='lat' dir='ltr'>infirmum</span> <span class='ocrx_word' id='word_1_139' title='bbox 995 1721 1041 1770; x_wconf 91' lang='lat' dir='ltr'>aut</span> <span class='ocrx_word' id='word_1_140' title='bbox 1056 1711 1170 1769; x_wconf 85' lang='lat' dir='ltr'>avaritia</span> <span class='ocrx_word' id='word_1_141' title='bbox 1185 1719 1232 1770; x_wconf 89' lang='lat' dir='ltr'>aut</span> 
     </span>
     <span class='ocr_line' id='line_1_18' title="bbox 205 1791 1229 1873; baseline -0.002 -17"><span class='ocrx_word' id='word_1_142' title='bbox 205 1795 319 1856; x_wconf 75' lang='lat' dir='ltr'>altoldo</span> <span class='ocrx_word' id='word_1_143' title='bbox 340 1794 473 1855; x_wconf 88' lang='lat' dir='ltr'>sollicitat</span> <span class='ocrx_word' id='word_1_144' title='bbox 481 1791 495 1851; x_wconf 78' lang='lat' dir='ltr'>“l</span> <span class='ocrx_word' id='word_1_145' title='bbox 517 1792 581 1852; x_wconf 91' lang='lat' dir='ltr'>Non</span> <span class='ocrx_word' id='word_1_146' title='bbox 604 1793 744 1852; x_wconf 89' lang='lat' dir='ltr'>amoribus</span> <span class='ocrx_word' id='word_1_147' title='bbox 767 1795 871 1870; x_wconf 85' lang='lat' dir='ltr'>servit,</span> <span class='ocrx_word' id='word_1_148' title='bbox 898 1812 954 1854; x_wconf 93' lang='lat' dir='ltr'>non</span> <span class='ocrx_word' id='word_1_149' title='bbox 973 1793 1080 1873; x_wconf 87' lang='lat' dir='ltr'>adpetit</span> <span class='ocrx_word' id='word_1_150' title='bbox 1093 1795 1229 1871; x_wconf 87' lang='lat' dir='ltr'>honores,</span> 
     </span>
     <span class='ocr_line' id='line_1_19' title="bbox 231 1872 1229 1956; baseline -0.001 -19"><span class='ocrx_word' id='word_1_151' title='bbox 231 1897 302 1956; x_wconf 89' lang='lat' dir='ltr'>opes</span> <span class='ocrx_word' id='word_1_152' title='bbox 318 1872 448 1954; x_wconf 85' lang='lat' dir='ltr'>neglegit</span> <span class='ocrx_word' id='word_1_153' title='bbox 463 1886 491 1936; x_wconf 88' lang='lat' dir='ltr'>et</span> <span class='ocrx_word' id='word_1_154' title='bbox 512 1877 795 1955; x_wconf 87' lang='lat' dir='ltr'>quantulumcumque</span> <span class='ocrx_word' id='word_1_155' title='bbox 817 1886 846 1937; x_wconf 90' lang='lat' dir='ltr'>ut</span> <span class='ocrx_word' id='word_1_156' title='bbox 868 1876 1022 1938; x_wconf 91' lang='lat' dir='ltr'>relicturus</span> <span class='ocrx_word' id='word_1_157' title='bbox 1046 1881 1113 1938; x_wconf 89' lang='lat' dir='ltr'>satis</span> <span class='ocrx_word' id='word_1_158' title='bbox 1136 1878 1229 1937; x_wconf 84' lang='lat' dir='ltr'>hahet.</span> 
     </span>
     <span class='ocr_line' id='line_1_20' title="bbox 230 1959 1272 2039; baseline 0.004 -20"><span class='ocrx_word' id='word_1_159' title='bbox 230 1960 309 2020; x_wconf 83' lang='lat' dir='ltr'>Tunc</span> <span class='ocrx_word' id='word_1_160' title='bbox 324 1961 405 2038; x_wconf 91' lang='lat' dir='ltr'>deos,</span> <span class='ocrx_word' id='word_1_161' title='bbox 421 1971 488 2021; x_wconf 90' lang='lat' dir='ltr'>tunc</span> <span class='ocrx_word' id='word_1_162' title='bbox 503 1959 645 2020; x_wconf 90' lang='lat' dir='ltr'>hominem</span> <span class='ocrx_word' id='word_1_163' title='bbox 658 1980 724 2021; x_wconf 87' lang='lat' dir='ltr'>esse</span> <span class='ocrx_word' id='word_1_164' title='bbox 737 1980 769 2021; x_wconf 86' lang='lat' dir='ltr'>se</span> <span class='ocrx_word' id='word_1_165' title='bbox 784 1963 919 2039; x_wconf 82' lang='lat' dir='ltr'>meminit,</span> <span class='ocrx_word' id='word_1_166' title='bbox 935 1961 1041 2021; x_wconf 89' lang='lat' dir='ltr'>invidet</span> <span class='ocrx_word' id='word_1_167' title='bbox 1056 1963 1169 2037; x_wconf 89' lang='lat' dir='ltr'>nemini,</span> <span class='ocrx_word' id='word_1_168' title='bbox 1182 1970 1272 2023; x_wconf 69' lang='grc' dir='ltr'>ιιι-20</span> 
     </span>
     <span class='ocr_line' id='line_1_21' title="bbox 140 2044 1229 2125; baseline 0.001 -22"><span class='ocrx_word' id='word_1_169' title='bbox 140 2044 144 2050; x_wconf 82' lang='grc'>’</span> <span class='ocrx_word' id='word_1_170' title='bbox 229 2048 332 2105; x_wconf 87' lang='lat' dir='ltr'>minem</span> <span class='ocrx_word' id='word_1_171' title='bbox 347 2047 475 2120; x_wconf 88' lang='lat' dir='ltr'>miratur,</span> <span class='ocrx_word' id='word_1_172' title='bbox 498 2049 638 2106; x_wconf 87' lang='lat' dir='ltr'>neminem</span> <span class='ocrx_word' id='word_1_173' title='bbox 659 2045 782 2122; x_wconf 83' lang='lat' dir='ltr'>despicit</span> <span class='ocrx_word' id='word_1_174' title='bbox 801 2064 835 2105; x_wconf 91' lang='lat' dir='ltr'>ac</span> <span class='ocrx_word' id='word_1_175' title='bbox 856 2064 893 2104; x_wconf 93' lang='lat' dir='ltr'>ne</span> <span class='ocrx_word' id='word_1_176' title='bbox 913 2047 1091 2106; x_wconf 85' lang='lat' dir='ltr'>sermonibus</span> <span class='ocrx_word' id='word_1_177' title='bbox 1116 2045 1229 2125; x_wconf 88' lang='lat' dir='ltr'>quidem</span> 
     </span>
     <span class='ocr_line' id='line_1_22' title="bbox 229 2129 1230 2208; baseline -0.004 -20"><span class='ocrx_word' id='word_1_178' title='bbox 229 2130 360 2208; x_wconf 83' lang='lat' dir='ltr'>malignis</span> <span class='ocrx_word' id='word_1_179' title='bbox 381 2140 427 2189; x_wconf 92' lang='lat' dir='ltr'>aut</span> <span class='ocrx_word' id='word_1_180' title='bbox 443 2129 560 2190; x_wconf 88' lang='lat' dir='ltr'>attendit</span> <span class='ocrx_word' id='word_1_181' title='bbox 580 2140 626 2190; x_wconf 89' lang='lat' dir='ltr'>aut</span> <span class='ocrx_word' id='word_1_182' title='bbox 646 2130 743 2190; x_wconf 90' lang='lat' dir='ltr'>alitur:</span> <span class='ocrx_word' id='word_1_183' title='bbox 768 2129 879 2189; x_wconf 90' lang='lat' dir='ltr'>balinea</span> <span class='ocrx_word' id='word_1_184' title='bbox 901 2132 1065 2207; x_wconf 84' lang='lat' dir='ltr'>imaginatur</span> <span class='ocrx_word' id='word_1_185' title='bbox 1081 2139 1109 2190; x_wconf 94' lang='lat' dir='ltr'>et</span> <span class='ocrx_word' id='word_1_186' title='bbox 1125 2131 1230 2190; x_wconf 82' lang='lat' dir='ltr'>fontes.</span> 
     </span>
     <span class='ocr_line' id='line_1_23' title="bbox 204 2212 1232 2291; baseline 0.004 -23"><span class='ocrx_word' id='word_1_187' title='bbox 204 2212 308 2275; x_wconf 82' lang='lat' dir='ltr'>3Haec</span> <span class='ocrx_word' id='word_1_188' title='bbox 324 2233 429 2275; x_wconf 90' lang='lat' dir='ltr'>summa</span> <span class='ocrx_word' id='word_1_189' title='bbox 447 2232 590 2291; x_wconf 90' lang='lat' dir='ltr'>curarum,</span> <span class='ocrx_word' id='word_1_190' title='bbox 613 2232 718 2274; x_wconf 83' lang='lat' dir='ltr'>summa</span> <span class='ocrx_word' id='word_1_191' title='bbox 735 2223 881 2289; x_wconf 87' lang='lat' dir='ltr'>votorum,</span> <span class='ocrx_word' id='word_1_192' title='bbox 901 2213 1072 2289; x_wconf 87' lang='lat' dir='ltr'>mollemque</span> <span class='ocrx_word' id='word_1_193' title='bbox 1091 2216 1118 2271; x_wconf 93' lang='lat' dir='ltr'>in</span> <span class='ocrx_word' id='word_1_194' title='bbox 1133 2224 1232 2291; x_wconf 88' lang='lat' dir='ltr'>poste-</span> 
     </span>
     <span class='ocr_line' id='line_1_24' title="bbox 230 2296 1233 2377; baseline 0.002 -22"><span class='ocrx_word' id='word_1_195' title='bbox 230 2317 291 2357; x_wconf 92' lang='lat' dir='ltr'>rum</span> <span class='ocrx_word' id='word_1_196' title='bbox 306 2307 335 2358; x_wconf 92' lang='lat' dir='ltr'>et</span> <span class='ocrx_word' id='word_1_197' title='bbox 350 2301 494 2377; x_wconf 77' lang='lat' dir='ltr'>pinguem,</span> <span class='ocrx_word' id='word_1_198' title='bbox 510 2300 535 2358; x_wconf 92' lang='lat' dir='ltr'>si</span> <span class='ocrx_word' id='word_1_199' title='bbox 550 2301 694 2374; x_wconf 84' lang='lat' dir='ltr'>contingat</span> <span class='ocrx_word' id='word_1_200' title='bbox 710 2296 848 2370; x_wconf 87' lang='lat' dir='ltr'>evadere,</span> <span class='ocrx_word' id='word_1_201' title='bbox 871 2296 927 2353; x_wconf 89' lang='lat' dir='ltr'>hoc</span> <span class='ocrx_word' id='word_1_202' title='bbox 943 2304 986 2352; x_wconf 90' lang='lat' dir='ltr'>est</span> <span class='ocrx_word' id='word_1_203' title='bbox 1007 2297 1148 2353; x_wconf 86' lang='lat' dir='ltr'>innoxiam</span> <span class='ocrx_word' id='word_1_204' title='bbox 1164 2299 1233 2356; x_wconf 91' lang='lat' dir='ltr'>hea-</span> 
     </span>
     <span class='ocr_line' id='line_1_25' title="bbox 205 2375 1275 2460; baseline -0.003 -19"><span class='ocrx_word' id='word_1_205' title='bbox 205 2382 342 2460; x_wconf 69' lang='lat' dir='ltr'>itumque</span> <span class='ocrx_word' id='word_1_206' title='bbox 355 2381 475 2441; x_wconf 90' lang='lat' dir='ltr'>destinat</span> <span class='ocrx_word' id='word_1_207' title='bbox 486 2384 580 2440; x_wconf 90' lang='lat' dir='ltr'>vitam.</span> <span class='ocrx_word' id='word_1_208' title='bbox 602 2379 719 2439; x_wconf 90' lang='lat' dir='ltr'>Possum</span> <span class='ocrx_word' id='word_1_209' title='bbox 732 2396 802 2453; x_wconf 85' lang='lat' dir='ltr'>ergo</span> <span class='ocrx_word' id='word_1_210' title='bbox 818 2377 893 2452; x_wconf 87' lang='lat' dir='ltr'>quod</span> <span class='ocrx_word' id='word_1_211' title='bbox 907 2375 1032 2452; x_wconf 88' lang='lat' dir='ltr'>plurimis</span> <span class='ocrx_word' id='word_1_212' title='bbox 1043 2377 1150 2452; x_wconf 87' lang='lat' dir='ltr'>verbis,</span> <span class='ocrx_word' id='word_1_213' title='bbox 1168 2380 1233 2454; x_wconf 90' lang='lat' dir='ltr'>plu·</span> <span class='ocrx_word' id='word_1_214' title='bbox 1242 2387 1275 2438; x_wconf 77' lang='lat'>25</span> 
     </span>
     <span class='ocr_line' id='line_1_26' title="bbox 228 2458 1232 2538; baseline -0.003 -16"><span class='ocrx_word' id='word_1_215' title='bbox 228 2467 304 2522; x_wconf 85' lang='lat' dir='ltr'>rimis</span> <span class='ocrx_word' id='word_1_216' title='bbox 320 2467 403 2522; x_wconf 86' lang='lat' dir='ltr'>etiam</span> <span class='ocrx_word' id='word_1_217' title='bbox 417 2464 604 2523; x_wconf 88' lang='lat' dir='ltr'>voluminibus</span> <span class='ocrx_word' id='word_1_218' title='bbox 619 2460 782 2538; x_wconf 89' lang='lat' dir='ltr'>philosophi</span> <span class='ocrx_word' id='word_1_219' title='bbox 800 2458 905 2516; x_wconf 89' lang='lat' dir='ltr'>docere</span> <span class='ocrx_word' id='word_1_220' title='bbox 922 2466 1058 2516; x_wconf 88' lang='lat' dir='ltr'>conantur</span> <span class='ocrx_word' id='word_1_221' title='bbox 1080 2459 1143 2534; x_wconf 87' lang='lat' dir='ltr'>ipse</span> <span class='ocrx_word' id='word_1_222' title='bbox 1166 2460 1232 2520; x_wconf 91' lang='lat' dir='ltr'>hre-</span> 
     </span>
     <span class='ocr_line' id='line_1_27' title="bbox 227 2539 1231 2621; baseline 0.002 -17"><span class='ocrx_word' id='word_1_223' title='bbox 227 2548 301 2604; x_wconf 84' lang='lat' dir='ltr'>viter</span> <span class='ocrx_word' id='word_1_224' title='bbox 317 2547 367 2604; x_wconf 90' lang='lat' dir='ltr'>tihi</span> <span class='ocrx_word' id='word_1_225' title='bbox 382 2547 506 2620; x_wconf 88' lang='lat' dir='ltr'>mihique</span> <span class='ocrx_word' id='word_1_226' title='bbox 521 2545 706 2621; x_wconf 85' lang='lat' dir='ltr'>praecipere,</span> <span class='ocrx_word' id='word_1_227' title='bbox 722 2550 752 2598; x_wconf 93' lang='lat' dir='ltr'>ut</span> <span class='ocrx_word' id='word_1_228' title='bbox 762 2539 834 2600; x_wconf 86' lang='lat' dir='ltr'>tales</span> <span class='ocrx_word' id='word_1_229' title='bbox 846 2558 912 2600; x_wconf 86' lang='lat' dir='ltr'>esse</span> <span class='ocrx_word' id='word_1_230' title='bbox 929 2541 988 2601; x_wconf 86' lang='lat' dir='ltr'>sani</span> <span class='ocrx_word' id='word_1_231' title='bbox 1009 2559 1231 2621; x_wconf 87' lang='lat' dir='ltr'>perseveremus</span> 
     </span>
     <span class='ocr_line' id='line_1_28' title="bbox 229 2623 929 2706; baseline -0.004 -21"><span class='ocrx_word' id='word_1_232' title='bbox 229 2626 327 2706; x_wconf 87' lang='lat' dir='ltr'>quales</span> <span class='ocrx_word' id='word_1_233' title='bbox 342 2645 394 2685; x_wconf 89' lang='lat' dir='ltr'>nos</span> <span class='ocrx_word' id='word_1_234' title='bbox 411 2626 519 2685; x_wconf 83' lang='lat' dir='ltr'>futuros</span> <span class='ocrx_word' id='word_1_235' title='bbox 535 2626 698 2702; x_wconf 87' lang='lat' dir='ltr'>profitemur</span> <span class='ocrx_word' id='word_1_236' title='bbox 712 2624 820 2682; x_wconf 82' lang='lat' dir='ltr'>infirmi.</span> <span class='ocrx_word' id='word_1_237' title='bbox 849 2623 929 2684; x_wconf 87' lang='lat' dir='ltr'>Vale.</span> 
     </span>
    </p>
   </div>
   <div class='ocr_carea' id='block_1_6' title="bbox 521 2756 940 2905">
    <p class='ocr_par' dir='ltr' id='par_1_6' title="bbox 521 2756 940 2905">
     <span class='ocr_line' id='line_1_29' title="bbox 669 2756 786 2816; baseline 0 0"><span class='ocrx_word' id='word_1_238' title='bbox 669 2756 786 2816; x_wconf 78' lang='lat' dir='ltr'>xxvii.</span> 
     </span>
     <span class='ocr_line' id='line_1_30' title="bbox 521 2853 940 2905; baseline 0.005 -2"><span class='ocrx_word' id='word_1_239' title='bbox 521 2855 547 2903; x_wconf 81' lang='lat' dir='ltr'>e.</span> <span class='ocrx_word' id='word_1_240' title='bbox 568 2853 690 2905; x_wconf 81' lang='lat' dir='ltr'>ruimus</span> <span class='ocrx_word' id='word_1_241' title='bbox 710 2854 816 2905; x_wconf 70' lang='lat' dir='ltr'>sunau</span> <span class='ocrx_word' id='word_1_242' title='bbox 836 2853 894 2905; x_wconf 89' lang='lat' dir='ltr'>suo</span> <span class='ocrx_word' id='word_1_243' title='bbox 914 2855 940 2905; x_wconf 89' lang='lat' dir='ltr'>s.</span> 
     </span>
    </p>
   </div>
   <div class='ocr_carea' id='block_1_7' title="bbox 155 2953 1271 3539">
    <p class='ocr_par' dir='ltr' id='par_1_7' title="bbox 205 2953 1228 3037">
     <span class='ocr_line' id='line_1_31' title="bbox 205 2953 1228 3037; baseline 0.002 -23"><span class='ocrx_word' id='word_1_244' title='bbox 205 2970 219 3022; x_wconf 93' lang='lat'>1</span> <span class='ocrx_word' id='word_1_245' title='bbox 288 2953 326 3014; x_wconf 83' lang='lat' dir='ltr'>Et</span> <span class='ocrx_word' id='word_1_246' title='bbox 340 2955 406 3014; x_wconf 92' lang='lat' dir='ltr'>mihi</span> <span class='ocrx_word' id='word_1_247' title='bbox 422 2956 549 3017; x_wconf 88' lang='lat' dir='ltr'>discendi</span> <span class='ocrx_word' id='word_1_248' title='bbox 567 2965 596 3015; x_wconf 93' lang='lat' dir='ltr'>et</span> <span class='ocrx_word' id='word_1_249' title='bbox 610 2958 661 3016; x_wconf 86' lang='lat' dir='ltr'>tibi</span> <span class='ocrx_word' id='word_1_250' title='bbox 677 2957 797 3017; x_wconf 87' lang='lat' dir='ltr'>docendi</span> <span class='ocrx_word' id='word_1_251' title='bbox 817 2957 980 3016; x_wconf 87' lang='lat' dir='ltr'>facultatem</span> <span class='ocrx_word' id='word_1_252' title='bbox 997 2959 1084 3016; x_wconf 91' lang='lat' dir='ltr'>otium</span> <span class='ocrx_word' id='word_1_253' title='bbox 1099 2957 1228 3037; x_wconf 57' lang='lat' dir='ltr'>praehet,</span> 
     </span>
    </p>

    <p class='ocr_par' dir='ltr' id='par_1_8' title="bbox 155 3039 1271 3539">
     <span class='ocr_line' id='line_1_32' title="bbox 155 3039 1228 3120; baseline 0.001 -20"><span class='ocrx_word' id='word_1_254' title='bbox 155 3058 160 3071; x_wconf 91' lang='lat'><strong>·</strong></span> <span class='ocrx_word' id='word_1_255' title='bbox 225 3040 315 3118; x_wconf 85' lang='lat' dir='ltr'>Igitur</span> <span class='ocrx_word' id='word_1_256' title='bbox 331 3057 467 3120; x_wconf 87' lang='lat' dir='ltr'>perquam</span> <span class='ocrx_word' id='word_1_257' title='bbox 481 3039 568 3100; x_wconf 86' lang='lat' dir='ltr'>velim</span> <span class='ocrx_word' id='word_1_258' title='bbox 583 3042 677 3118; x_wconf 87' lang='lat' dir='ltr'>scire,</span> <span class='ocrx_word' id='word_1_259' title='bbox 701 3061 769 3102; x_wconf 90' lang='lat' dir='ltr'>esse</span> <span class='ocrx_word' id='word_1_260' title='bbox 791 3043 981 3120; x_wconf 89' lang='lat' dir='ltr'>phantasmata</span> <span class='ocrx_word' id='word_1_261' title='bbox 1000 3051 1030 3101; x_wconf 90' lang='lat' dir='ltr'>et</span> <span class='ocrx_word' id='word_1_262' title='bbox 1044 3041 1149 3100; x_wconf 85' lang='lat' dir='ltr'>habere</span> <span class='ocrx_word' id='word_1_263' title='bbox 1163 3060 1228 3120; x_wconf 95' lang='lat' dir='ltr'>pro-</span> 
     </span>
     <span class='ocr_line' id='line_1_33' title="bbox 225 3125 1230 3204; baseline 0.001 -21"><span class='ocrx_word' id='word_1_264' title='bbox 225 3127 314 3204; x_wconf 90' lang='lat' dir='ltr'>priam</span> <span class='ocrx_word' id='word_1_265' title='bbox 335 3125 451 3202; x_wconf 85' lang='lat' dir='ltr'>liguram</span> <span class='ocrx_word' id='word_1_266' title='bbox 473 3144 631 3204; x_wconf 87' lang='lat' dir='ltr'>numenque</span> <span class='ocrx_word' id='word_1_267' title='bbox 649 3125 763 3204; x_wconf 83' lang='lat' dir='ltr'>aliquod</span> <span class='ocrx_word' id='word_1_268' title='bbox 787 3136 870 3203; x_wconf 89' lang='lat' dir='ltr'>putes</span> <span class='ocrx_word' id='word_1_269' title='bbox 892 3144 927 3185; x_wconf 92' lang='lat' dir='ltr'>an</span> <span class='ocrx_word' id='word_1_270' title='bbox 947 3126 1038 3185; x_wconf 88' lang='lat' dir='ltr'>inania</span> <span class='ocrx_word' id='word_1_271' title='bbox 1054 3136 1087 3195; x_wconf 66' lang='lat' dir='ltr'>‚et</span> <span class='ocrx_word' id='word_1_272' title='bbox 1102 3144 1172 3185; x_wconf 90' lang='lat' dir='ltr'>vana</span> <span class='ocrx_word' id='word_1_273' title='bbox 1192 3144 1230 3184; x_wconf 79' lang='lat' dir='ltr'>ex</span> 
     </span>
     <span class='ocr_line' id='line_1_34' title="bbox 202 3209 1271 3287; baseline -0.001 -15"><span class='ocrx_word' id='word_1_274' title='bbox 202 3219 304 3272; x_wconf 70' lang='lat' dir='ltr'>tmetu</span> <span class='ocrx_word' id='word_1_275' title='bbox 319 3220 416 3270; x_wconf 92' lang='lat' dir='ltr'>nostro</span> <span class='ocrx_word' id='word_1_276' title='bbox 431 3211 580 3286; x_wconf 85' lang='lat' dir='ltr'>imaginem</span> <span class='ocrx_word' id='word_1_277' title='bbox 594 3212 736 3286; x_wconf 87' lang='lat' dir='ltr'>accipere.</span> <span class='ocrx_word' id='word_1_278' title='bbox 770 3209 835 3287; x_wconf 83' lang='lat' dir='ltr'>Ego</span> <span class='ocrx_word' id='word_1_279' title='bbox 850 3219 879 3270; x_wconf 91' lang='lat' dir='ltr'>ut</span> <span class='ocrx_word' id='word_1_280' title='bbox 900 3228 967 3270; x_wconf 86' lang='lat' dir='ltr'>esse</span> <span class='ocrx_word' id='word_1_281' title='bbox 989 3210 1101 3270; x_wconf 87' lang='lat' dir='ltr'>credam</span> <span class='ocrx_word' id='word_1_282' title='bbox 1121 3212 1149 3267; x_wconf 90' lang='lat' dir='ltr'>in</span> <span class='ocrx_word' id='word_1_283' title='bbox 1172 3211 1271 3286; x_wconf 81' lang='lat' dir='ltr'>pri-35</span> 
     </span>
     <span class='ocr_line' id='line_1_35' title="bbox 225 3292 1228 3372; baseline 0.002 -22"><span class='ocrx_word' id='word_1_284' title='bbox 225 3296 277 3354; x_wconf 90' lang='lat' dir='ltr'>mis</span> <span class='ocrx_word' id='word_1_285' title='bbox 295 3311 330 3354; x_wconf 91' lang='lat' dir='ltr'>eo</span> <span class='ocrx_word' id='word_1_286' title='bbox 345 3294 435 3354; x_wconf 92' lang='lat' dir='ltr'>ducor</span> <span class='ocrx_word' id='word_1_287' title='bbox 450 3294 525 3372; x_wconf 91' lang='lat' dir='ltr'>quod</span> <span class='ocrx_word' id='word_1_288' title='bbox 540 3294 622 3353; x_wconf 88' lang='lat' dir='ltr'>audio</span> <span class='ocrx_word' id='word_1_289' title='bbox 637 3293 779 3353; x_wconf 86' lang='lat' dir='ltr'>accidisse</span> <span class='ocrx_word' id='word_1_290' title='bbox 795 3292 892 3354; x_wconf 78' lang='lat' dir='ltr'>Curtio</span> <span class='ocrx_word' id='word_1_291' title='bbox 909 3293 992 3354; x_wconf 85' lang='lat' dir='ltr'>Rufo.</span> <span class='ocrx_word' id='word_1_292' title='bbox 1017 3292 1120 3353; x_wconf 87' lang='lat' dir='ltr'>Tenuis</span> <span class='ocrx_word' id='word_1_293' title='bbox 1137 3293 1228 3367; x_wconf 90' lang='lat' dir='ltr'>adhuc</span> 
     </span>
     <span class='ocr_line' id='line_1_36' title="bbox 226 3376 1227 3438; baseline 0.002 -4"><span class='ocrx_word' id='word_1_294' title='bbox 226 3386 255 3434; x_wconf 91' lang='lat' dir='ltr'>et</span> <span class='ocrx_word' id='word_1_295' title='bbox 270 3379 408 3437; x_wconf 88' lang='lat' dir='ltr'>obscurus</span> <span class='ocrx_word' id='word_1_296' title='bbox 431 3379 568 3438; x_wconf 90' lang='lat' dir='ltr'>obtinenti</span> <span class='ocrx_word' id='word_1_297' title='bbox 589 3378 714 3437; x_wconf 82' lang='lat' dir='ltr'>Africam</span> <span class='ocrx_word' id='word_1_298' title='bbox 736 3396 833 3438; x_wconf 89' lang='lat' dir='ltr'>comes</span> <span class='ocrx_word' id='word_1_299' title='bbox 855 3377 1001 3437; x_wconf 88' lang='lat' dir='ltr'>haeserat:</span> <span class='ocrx_word' id='word_1_300' title='bbox 1027 3377 1159 3437; x_wconf 91' lang='lat' dir='ltr'>inclinato</span> <span class='ocrx_word' id='word_1_301' title='bbox 1181 3376 1227 3436; x_wconf 89' lang='lat' dir='ltr'>die</span> 
     </span>
     <span class='ocr_line' id='line_1_37' title="bbox 225 3461 1229 3539; baseline -0.001 -19"><span class='ocrx_word' id='word_1_302' title='bbox 225 3461 396 3536; x_wconf 87' lang='lat' dir='ltr'>spatiabatur</span> <span class='ocrx_word' id='word_1_303' title='bbox 412 3463 438 3519; x_wconf 90' lang='lat' dir='ltr'>in</span> <span class='ocrx_word' id='word_1_304' title='bbox 455 3464 581 3539; x_wconf 88' lang='lat' dir='ltr'>porticu:</span> <span class='ocrx_word' id='word_1_305' title='bbox 599 3463 715 3521; x_wconf 81' lang='lat' dir='ltr'>offertur</span> <span class='ocrx_word' id='word_1_306' title='bbox 730 3464 756 3521; x_wconf 91' lang='lat' dir='ltr'>ei</span> <span class='ocrx_word' id='word_1_307' title='bbox 772 3461 899 3521; x_wconf 86' lang='lat' dir='ltr'>mulieris</span> <span class='ocrx_word' id='word_1_308' title='bbox 913 3463 1003 3538; x_wconf 85' lang='lat' dir='ltr'>figura</span> <span class='ocrx_word' id='word_1_309' title='bbox 1016 3462 1133 3521; x_wconf 89' lang='lat' dir='ltr'>humana</span> <span class='ocrx_word' id='word_1_310' title='bbox 1144 3480 1229 3537; x_wconf 80' lang='lat' dir='ltr'>gran·</span> 
     </span>
    </p>
   </div>
   <div class='ocr_carea' id='block_1_8' title="bbox 1237 2803 1270 2856">
    <p class='ocr_par' dir='ltr' id='par_1_9' title="bbox 1237 2803 1270 2856">
     <span class='ocr_line' id='line_1_38' title="bbox 1237 2803 1270 2856; baseline 0.03 -1"><span class='ocrx_word' id='word_1_311' title='bbox 1237 2803 1270 2856; x_wconf 83' lang='lat'>30</span> 
     </span>
    </p>
   </div>
   <div class='ocr_carea' id='block_1_9' title="bbox 0 0 1298 4116">
    <p class='ocr_par' dir='ltr' id='par_1_10' title="bbox 0 0 1298 4116">
     <span class='ocr_line' id='line_1_39' title="bbox 0 0 1298 4116; baseline 0 1"><span class='ocrx_word' id='word_1_312' title='bbox 0 0 1298 4116; x_wconf 95' lang='lat' dir='ltr'> </span> 
     </span>
    </p>
   </div>
  </div>
 </body>
</html>
