2588 4116
194 198 257 259 200
471 195 504 256 G.
529 195 626 256 l'LlNl
647 195 697 254 ET
719 194 876 256 TRAIANI

195 360 254 409 tum
275 349 527 410 commendationis
546 365 729 409 accessurum
750 349 833 408 etiam
855 364 893 406 ex
912 346 984 408 meis
1005 347 1146 426 precibus
1163 348 1205 408 in-

169 433 360 511 adulgentiae
374 444 440 494 tuae
456 431 554 494 credo.
578 430 662 509 Rogo
676 448 757 508 ergo,
774 430 899 506 domine,
914 439 944 490 ut
956 448 1001 490 me
1018 433 1204 508 exoptatissi-

195 535 258 576 mae
273 517 339 576 mihi
354 516 550 595 gratulationis
572 524 726 594 conpotem
746 514 834 574 iacias
850 524 880 574 et
893 514 1040 591 honestis,
1057 523 1088 574 ut
1101 533 1204 594 spero,

196 600 357 662 adfectibus
379 604 451 666 meis
471 607 603 679 praestes
629 607 736 657 utnon
762 598 791 657 in
810 615 856 657 me
878 607 984 658 tantum
1003 615 1102 658 verum
1124 606 1155 659 et
1176 600 1205 659 in

196 687 286 746 amico
301 685 418 762 gloriari
432 683 543 744 iudiciis
558 684 613 742 tuis
628 682 746 761 possim.
1212 694 1228 746 5

627 815 661 874 V.
695 813 758 875 lttt.

423 915 450 963 c.
470 914 595 964 nmmos
613 816 981 963 malrsolupnmrom.

170 1036 186 1086 l
255 1018 386 1079 Proximo
402 1033 486 1094 anno,
504 1016 627 1093 domine,
645 1018 811 1094 gravissima
824 1016 977 1078 valitudine
994 1035 1086 1096 usqne
1102 1017 1138 1077 ad
1153 1036 1204 1096 pe-

195 1102 314 1163 riculum
328 1104 404 1161 vitae
419 1109 551 1177 vexatus,
565 1098 726 1179 iatralipten
741 1101 900 1180 adsumpsi;
922 1102 1002 1161 cuius
1018 1100 1204 1161 sollicitudini
1214 1116 1247 1168 lo

196 1198 225 1247 et
248 1186 342 1247 studio
358 1195 424 1246 tuae
445 1192 552 1245 tantum
575 1181 768 1260 indulgentiae
789 1185 931 1245 beneflcio
953 1183 1064 1244 referre
1084 1186 1205 1262 gratiam

171 1285 294 1350 tparem
315 1286 444 1350 possum.
473 1268 568 1342 Quare
589 1283 662 1345 rogo
683 1268 735 1328 des
756 1270 783 1329 ei
798 1269 939 1330 civitatem
954 1267 1116 1328 Romanam.
1150 1267 1205 1329 Est

197 1356 272 1415 enim
287 1356 458 1434 peregrinae
475 1352 663 1429 conditionis,
679 1355 867 1414 manumissus
884 1371 899 1413 a
914 1353 1077 1431 peregrina.
1110 1352 1204 1412 Voca-

197 1449 243 1497 tur
268 1441 332 1516 ipse
359 1438 537 1516 Harpocras,
563 1446 709 1516 patronam
734 1436 831 1497 habuit
857 1435 1038 1496 Thermuthin
1064 1434 1202 1513 Theonis,

197 1539 269 1599 quae
290 1523 343 1580 iam
364 1519 474 1598 pridem
491 1519 623 1580 defuncta
641 1528 695 1579 est.
726 1519 798 1580 Item
817 1537 890 1597 rogo
910 1520 962 1580 des
984 1520 1029 1580 ius
1051 1518 1202 1592 Quiritium
1213 1525 1244 1580 15

196 1605 305 1664 libertis
321 1603 462 1663 Antoniae
476 1601 665 1678 Maximillae,
682 1605 876 1665 ornatissimae
891 1604 1028 1680 feminae,
1049 1602 1159 1664 Hediae
1176 1614 1205 1664 et

195 1689 335 1747 Antoniae
351 1685 524 1754 Harmeridi;
539 1685 616 1764 quod
631 1704 647 1745 a
660 1693 690 1744 te
705 1695 822 1765 petente
839 1695 955 1765 patrona
969 1696 1048 1768 peto.

603 1818 651 1879 Vl.
685 1819 777 1880 XXll.

417 1916 444 1966 G.
462 1917 587 1969 PLINIUS
606 1823 750 1972 TRhlANO
767 1822 975 1971 tltPuRATout.
1212 1951 1248 2003 20

172 2032 187 2082 l
258 2015 325 2094 Ago
340 2016 456 2093 gratias,
473 2016 603 2098 dominc,
621 2020 697 2099 quod
710 2030 739 2082 et
754 2021 798 2081 ius
814 2019 962 2094 Quiritium
977 2018 1086 2080 libertis
1101 2037 1204 2080 neees-

195 2101 287 2162 sariae
308 2101 374 2160 mihi
396 2101 517 2163 feminae
540 2113 570 2164 et
586 2105 730 2166 civitatem
744 2103 897 2165 Romanam
910 2103 1097 2181 Harpocrati,
1121 2104 1201 2162 iatra-

193 2185 283 2264 liptae
299 2203 382 2262 meo,
404 2188 465 2246 sine
481 2202 560 2248 mora
574 2189 728 2252 indulsisti.
756 2188 814 2249 Sed
830 2207 893 2248 cum
908 2204 995 2247 annos
1011 2189 1074 2246 eins
1090 2196 1121 2246 et
1136 2205 1204 2247 cen·

194 2288 267 2349 sum,
284 2271 359 2331 sicut
371 2289 577 2350 praeceperas,
596 2272 723 2350 ederem,
738 2271 896 2333 admonitus
911 2287 972 2329 snm
986 2287 1002 2326 a
1017 2271 1206 2344 peritioribus

195 2354 332 2416 debuisse
348 2373 394 2414 me
410 2363 474 2413 ante
488 2357 515 2413 ei
528 2355 747 2416 Alexandrinam
762 2356 905 2412 civitatem
919 2353 1078 2428 inpetrare,
1096 2351 1205 2414 deinde
1214 2364 1247 2417 25

170 2437 368 2514 thomanam,
387 2438 517 2515 quoniam
536 2448 615 2499 esset
629 2437 800 2514 Aegyptius.
832 2434 898 2512 Ego
913 2442 1023 2509 autem,
1044 2433 1109 2509 quia
1127 2436 1208 2496 inter

194 2523 358 2598 Aegyptios
387 2529 560 2595 ceterosque
584 2521 753 2597 peregrinos
774 2517 843 2577 nihil
868 2519 1009 2578 interesse
1037 2516 1205 2598 credebam,

194 2611 345 2664 contentus
368 2601 476 2661 iueram
497 2601 554 2660 hoe
574 2600 667 2662 solum
681 2600 811 2661 scribere
826 2602 888 2679 tibi,
905 2618 970 2662 eum
985 2601 1100 2662 scilicet
1117 2620 1133 2662 a
1151 2620 1204 2680 pe-

192 2688 306 2764 regrina
321 2685 519 2744 manumissum
534 2694 737 2765 patronamque
755 2687 819 2746 eius
834 2687 889 2747 iam
901 2685 1012 2765 pridem
1024 2686 1201 2748 decessisse.

190 2769 236 2830 De
252 2787 307 2849 qua
325 2768 484 2846 ignorantia
496 2785 560 2829 mea
576 2786 634 2830 non
650 2787 765 2848 queror,
781 2789 835 2849 per
850 2788 933 2849 quam
947 2771 1028 2832 stetit
1043 2779 1072 2829 ut
1084 2770 1136 2829 tibi
1148 2778 1247 2850 proto

193 2853 296 2914 eodem
316 2852 430 2912 bomine
451 2855 567 2930 saepius
589 2854 744 2933 obligarer.
776 2853 861 2933 llogo
876 2856 990 2933 itaque,
1011 2864 1042 2914 ut
1058 2854 1202 2915 benehcio
1232 2877 1236 2884 ·

191 2948 241 3000 tuo
256 2938 384 3015 legitime
403 2936 457 2995 lrui
473 2939 597 3016 possim,
613 2939 720 3000 tribuas
736 2940 764 2999 ei
780 2949 809 3000 et
824 2938 1041 3002 Alexandrinam
1058 2939 1203 2998 civitatem

192 3033 221 3085 et
235 3021 397 3083 llomanam.
418 3020 516 3082 Annos
533 3025 595 3084 eius
611 3030 641 3084 e't
656 3041 784 3100 censum,
801 3043 838 3084 ne
854 3022 922 3102 quid
937 3042 1034 3083 rursus
1052 3021 1202 3099 indulgen-

193 3109 261 3168 tiam
278 3117 353 3169 tuam
367 3115 534 3184 moraretur,
551 3107 662 3169 libertis
680 3109 735 3169 tuis
754 3108 857 3187 quibus
875 3109 1001 3168 iusseras
1018 3107 1090 3165 misi.

593 3242 656 3303 vu.
674 3241 801 3318 [xxiii]

528 3339 693 3391 TRAIANUS
712 3339 816 3391 PLINIO
837 3339 864 3394 S.

253 3437 404 3502 Civitatem
417 3441 636 3504 Alexandrinam
651 3441 807 3503 secundum
822 3441 1027 3502 institutionem
1041 3439 1201 3518 principum

1209 3197 1245 3251 35
