2588 4116
295 160 559 221 EPISTULARUM
572 161 649 220 Vlll.
668 173 712 222 22.
728 172 771 224 23.
789 171 833 223 24.
1006 161 1066 225 173

76 332 103 372 rs
121 312 149 370 in
164 310 296 389 petendis
311 311 465 372 honoribus
482 313 587 372 iuerat:
609 313 643 372 ad
664 313 720 372 hoc
744 315 782 373 ita
799 332 845 372 me
859 313 1012 392 diligebat,
1028 316 1067 376 ita

76 391 214 455 erebatnr
226 405 257 454 nt
271 413 316 454 me
332 395 484 456 formatore
500 413 625 473 morum,
652 415 697 456 me
719 398 800 474 quasi
820 398 955 473 magistro
970 407 1065 458 utere·

76 497 113 538 ir.
134 477 238 538 Rarum
258 479 314 538 hoc
336 480 364 537 in
384 478 615 540 adulescentibus
637 481 753 540 nostris.
784 478 855 538 Nam
870 489 973 557 quotus
990 481 1092 558 quis-3

76 562 179 622 nevel
200 562 284 622 aetati
305 560 420 622 alterius
442 562 489 622 vel
506 564 665 622 auctoritati
685 572 716 622 ut
736 564 826 622 minor
846 560 943 622 cedit‘l
966 563 1066 623 Statim

76 648 183 724 apinnt,
198 646 292 705 statim
309 647 402 706 sciunt
417 648 525 722 omnia,
541 646 682 706 neminem
696 655 844 723 verentur,
861 647 1002 705 imitantur
1017 666 1066 707 ne·

76 731 162 788 rinem
180 738 265 807 atque
286 730 342 807 ipsi
362 730 415 788 sibi
438 729 569 808 exempla
590 739 663 790 sunt.
697 729 755 789 Sed
776 728 965 805 obodritos,
986 731 1066 790 cuius

76 831 132 871 aec
149 814 301 891 praecipua
317 812 481 890 prudentia,
508 814 585 891 quod
605 812 676 872 alios
698 811 897 892 prudentiores
913 812 1066 873 arbitraba·

76 914 120 972 rr,
143 895 215 955 baec
236 897 390 975 praecipua
412 897 550 973 eruditio,
574 896 650 974 quod
666 897 779 957 discere
793 895 920 956 volebat.
944 896 1092 975 Semper4

76 979 109 1037 le
124 988 171 1038 aut
187 978 222 1038 de
240 979 339 1039 studiis
355 978 459 1057 aliquid
474 990 520 1040 aut
535 980 570 1039 de
586 980 688 1040 officiis
704 981 779 1040 vitae
796 978 975 1055 consulebat,
993 998 1066 1040 sem·

80 1080 113 1121 cr
128 1063 166 1121 ita
180 1062 336 1122 recedebat
357 1073 388 1122 ut
409 1063 510 1122 melior
524 1062 626 1139 iactus,
644 1073 673 1123 et
688 1072 749 1123 erat
765 1063 857 1124 iactus
874 1062 922 1121 vel
937 1081 973 1122 eo
990 1065 1066 1141 qnod
1174 1075 1178 1100 ;

75 1144 185 1205 ndierat
212 1144 259 1204 vel
287 1145 363 1223 quod
383 1147 495 1206 omnino
518 1148 686 1224 quaesierat.
719 1145 805 1218 Quod
826 1146 875 1205 ille
896 1147 1090 1223 obsequinm5

76 1228 215 1304 lerviano,
232 1231 414 1289 exactissimo
429 1232 506 1305 viro,
523 1229 676 1308 praestitit!
702 1247 786 1307 quem
800 1228 926 1305 legatum
938 1229 1065 1289 tribunus

76 1331 96 1371 a
111 1320 141 1371 et
157 1311 297 1372 intellexit
312 1322 340 1372 et
356 1315 433 1390 cepit
448 1323 478 1372 ut
490 1331 526 1372 ex
542 1311 687 1372 Germania
701 1313 729 1371 in
741 1311 908 1371 Pannoniam
921 1321 1066 1370 transeun-

76 1414 117 1455 em
130 1412 186 1454 non
204 1404 232 1455 ut
252 1394 404 1456 commilito
422 1396 474 1456 sed
491 1406 520 1456 ut
536 1413 634 1456 comes
650 1394 869 1473 adsectatorque
885 1403 1063 1473 sequeretur.

76 1482 123 1552 [ιιι
140 1478 292 1556 industria,
309 1498 364 1558 qua
383 1480 521 1540 modestia
536 1489 672 1558 quaestor
686 1479 851 1539 consulibus
870 1479 929 1538 suis
942 1478 988 1556 (et
1002 1477 1064 1556 plu·

76 1581 107 1622 es
122 1562 230 1642 habuit)
247 1581 303 1623 non
318 1566 408 1624 minus
423 1565 561 1624 incundae
578 1573 607 1624 et
618 1572 714 1641 gratus
730 1581 812 1641 quarn
826 1562 903 1622 utilis
916 1561 981 1621 fuit!
1000 1561 1064 1635 Quo

77 1648 207 1724 iscursu,
231 1666 284 1726 qna
305 1647 465 1724 vigilantia,
488 1648 560 1708 hanc
575 1649 665 1726 ipsam
679 1646 869 1724 aedilitatem,
887 1647 932 1705 cui
948 1663 1063 1724 praere·

79 1739 126 1790 tus
148 1738 209 1808 est,
229 1731 323 1808 petiit!
347 1733 424 1811 qnod
439 1731 488 1792 vel
509 1734 627 1792 maxime
651 1731 779 1791 dolorem
798 1749 892 1790 meum
907 1729 1063 1789 exulcerat.

76 1814 253 1873 lbversantur
268 1813 359 1876 oculis
377 1818 451 1877 cassi
467 1815 581 1876 labores
595 1823 623 1875 et
638 1815 830 1876 infructuosae
846 1832 952 1892 preces
969 1822 998 1873 et
1013 1814 1090 1880 boa

79 1912 113 1955 or
129 1914 212 1974 quem
229 1901 330 1958 meruit
348 1907 463 1958 tantum.
493 1898 579 1958 Redit
594 1899 685 1957 animo
700 1895 750 1957 ille
768 1897 841 1958 latus
858 1895 955 1956 clavus
970 1897 999 1954 in
1014 1914 1064 1974 pa-

77 1979 171 2039 atibns
186 1981 257 2040 meis
271 1990 411 2058 sumptus,
424 1980 544 2041 redeunt
558 1979 607 2038 illa
620 1982 726 2058 prima,
747 1979 795 2038 illa
807 1989 952 2058 postrema
965 1979 1064 2038 suffra·

76 2065 104 2122 ia
126 2080 206 2139 mea,
224 2062 266 2121 illi
288 2081 451 2140 sermones,
476 2063 543 2122 illae
561 2062 793 2122 consultationes.
828 2061 954 2120 Adlicior
968 2060 1089 2128 adole-7

75 2147 169 2205 centia
183 2147 289 2225 ipsius,
312 2147 428 2206 adlicior
444 2145 686 2206 necessitudinum
701 2163 779 2207 casu.
810 2144 879 2204 Erat
893 2142 933 2202 illi
951 2143 1064 2220 grandis

76 2239 124 2289 atu
139 2247 254 2308 parens,
268 2241 328 2290 erat
344 2249 433 2308 uxor,
457 2248 539 2309 quarn
554 2239 619 2291 ante
634 2247 734 2290 annum
747 2229 886 2306 virginem
899 2237 1063 2305 acceperat,

77 2322 121 2372 rat
138 2313 210 2392 lilia,
232 2333 314 2394 qnam
334 2314 419 2394 paulo
440 2324 505 2375 ante
523 2310 687 2375 sustulerat,
721 2313 776 2373 'lot
796 2329 883 2391 spes,
906 2319 948 2371 tot
964 2311 1064 2388 gaudia

78 2399 121 2457 ies
136 2415 206 2456 nnus
218 2400 246 2457 in
257 2399 376 2459 adversa
389 2400 537 2459 convertit.
559 2396 645 2457 Modo
657 2396 822 2474 designatus
832 2394 945 2473 aedilis,
960 2409 1092 2462 recensa
1204 2457 1206 2462 s
1286 2441 1289 2457 ,

75 2480 190 2557 naritus,
205 2500 309 2542 recens
325 2492 422 2561 pater,
441 2486 576 2544 intactum
590 2481 745 2559 honorem,
764 2481 862 2541 orbam
875 2488 1009 2556 matrem,
1023 2481 1063 2538 vi·

78 2581 142 2622 nam
156 2581 286 2641 uxorem,
305 2564 387 2624 liliam
398 2566 534 2646 pupillam
548 2567 672 2643 ignaram
688 2567 744 2643 avi,
760 2565 846 2644 patris
863 2563 986 2642 reliquit.
1007 2562 1063 2623 Ac·

77 2647 137 2707 edit
153 2646 275 2720 lacrimis
297 2649 368 2707 meis
391 2649 467 2727 qnod
487 2651 591 2710 'absens
615 2658 645 2708 et
668 2649 847 2728 inpendentis
868 2648 933 2706 mali
948 2648 1063 2708 nescius

76 2731 167 2790 ariter
182 2748 310 2808 aegrum,
326 2733 432 2809 pariter
446 2732 612 2794 decessisse
628 2735 766 2812 cognovi,
784 2751 821 2793 ne
831 2732 999 2809 gravissimo
1014 2730 1063 2791 do-

76 2816 113 2874 ori
132 2823 263 2894 tempore
286 2832 518 2876 consuescerem.
548 2815 580 2875 1n
602 2818 685 2876 tantis
708 2819 856 2878 tormentis
879 2833 972 2892 eram,
1001 2832 1064 2874 cum

77 2899 218 2958 criberem
239 2898 329 2977 baec,
351 2900 509 2960 scriberem
528 2898 605 2968 sola;
628 2917 723 2979 neque
746 2902 820 2962 enim
837 2918 910 2959 nnnc
925 2898 1064 2958 aliud-aut

76 2983 188 3060 ogitare
203 2992 249 3042 aut
263 2983 341 3061 loqui
355 3001 483 3063 possum.
512 2983 594 3044 Vale.

444 3112 445 3116 ’
502 3116 621 3178 ΧΧΗΙΙ.

337 3217 365 3272 o.
385 3218 510 3270 ruinius
528 3218 659 3269 xxxmo
679 3217 740 3269 suo
760 3217 786 3266 s.

121 3306 213 3379 Amor
229 3320 257 3379 in
273 3329 303 3381 te
324 3337 405 3380 meus
428 3321 523 3397 cogit,
550 3337 606 3380 non
629 3329 660 3379 ut
676 3320 848 3398 praecipiam
866 3314 1089 3395 (neque-enimi

76 3413 251 3483 raeceptore
272 3404 372 3483 eges),
390 3404 555 3465 admoneam
573 3413 683 3480 tamen,
704 3410 734 3461 ut
752 3419 824 3480 qnae
846 3402 904 3461 scis
919 3408 1017 3461 teneas
1035 3409 1064 3461 ot
1159 3435 1162 3439 ·

1133 3666 1238 4071 s
