2588 4116
212 226 275 288 226
517 218 549 282 G.
570 218 667 282 PLlNl
687 218 736 281 ΕΤ
759 216 916 280 TRAIANI

212 378 345 458 putabam
363 394 453 455 posse
476 377 504 434 in
526 384 653 434 senatum
672 383 702 435 et
724 373 879 434 secundum
901 344 1024 431 edictum
1047 371 1176 450 Augusti
1194 385 1220 434 et

213 461 369 523 secundum
389 460 485 537 legem
506 456 668 538 Pompeiam
692 457 769 534 legi,
795 457 925 535 quoniam
945 454 1095 532 Augustus
1117 475 1218 534 gerere

212 547 392 623 magistratus
405 541 560 603 minoribus
575 543 653 601 aunis
665 543 779 618 triginta
789 540 979 619 permisisset,
995 537 1044 598 lex
1056 550 1218 601 senatorem

187 647 281 697 5esse
294 628 436 689 uoluisset
450 628 497 705 qui
511 628 653 704 gessisset
669 626 869 702 magistratum.
889 623 934 682 Dc
948 624 982 682 iis
998 632 1094 683 autem
1106 625 1218 702 quinon

213 715 389 792 gessissent,
418 713 543 789 quamuis
571 719 671 771 essent
691 711 790 769 aetatis
813 707 1033 770 eiusdemcuius
1053 706 1097 766 illi
1118 709 1239 787 quibust

213 815 317 876 gerere
337 797 506 876 permissum
526 803 583 872 est,
604 793 792 862 haesitabam
816 811 871 872 per
888 789 964 872 quod
980 790 1118 852 ellectum
1132 802 1219 853 estut

212 891 259 958 tc,
283 881 411 956 domiue,
433 877 616 938 consulerem
635 877 702 955 quid
718 876 865 937 observari
878 873 982 935 velles.
1016 874 1120 954 Gapita
1134 876 1217 955 legis,

212 974 271 1024 tum
287 963 411 1024 edictum
426 959 548 1039 Augusti
562 961 664 1022 litteris
679 961 797 1022 subieci.

476 1141 479 1146 .
555 1077 869 1158 uxxxuuxxmum

538 1176 701 1229 TRAIANUS
725 1178 832 1229 PLlNlO
857 1178 884 1228 S.
1224 1185 1251 1236 10

271 1267 499 1345 Interpretationi
526 1276 609 1344 tuae,
636 1270 673 1327 mi
694 1264 827 1326 Secunde
850 1264 995 1326 carissime
1088 1266 1216 1326 existimo

212 1353 349 1413 hacteuus
367 1349 462 1412 edicto
485 1351 541 1411 diui
561 1351 683 1428 Augusti
705 1359 834 1410 novatam
856 1367 923 1409 esse
944 1347 1040 1424 legem
1055 1346 1217 1428 Pompeiam

212 1446 242 1496 ut
253 1438 444 1513 magistratum
460 1434 573 1513 quidem
586 1453 692 1513 capere
709 1443 830 1512 possent
844 1433 863 1491 ii
879 1433 925 1511 qui
939 1449 995 1491 non
1007 1432 1135 1494 minores
1151 1433 1216 1493 duo·

211 1538 272 1579 rum
288 1527 316 1579 et
333 1519 432 1594 viginti
452 1535 586 1578 annorum
602 1526 718 1596 essent,
744 1528 773 1578 et
791 1519 838 1596 qui
855 1517 1019 1595 cepissent,
1041 1517 1069 1574 in
1091 1526 1216 1577 senatum

213 1606 350 1680 cuiusque
366 1601 486 1661 civitatis
501 1604 695 1681 pervenirent.
729 1599 864 1662 Ceterum
877 1617 936 1660 non
952 1608 1036 1679 capto
1052 1602 1248 1677 magistratum

212 1705 264 1747 eos
279 1687 327 1764 qui
341 1687 466 1746 minores
488 1687 602 1763 triginta
622 1703 758 1747 annorum
777 1685 849 1762 sint,
878 1685 942 1762 quia
962 1684 1157 1760 magistratum
1174 1703 1214 1746 oa·

212 1788 282 1847 pere
305 1770 433 1847 possint,
458 1771 485 1828 iu
517 1772 621 1830 curiam
650 1771 735 1830 etiam
760 1767 818 1828 loci
845 1769 983 1845 cuiusque
1004 1784 1061 1827 non
1086 1771 1214 1829 existimo
1261 1810 1266 1847 ,

211 1852 269 1929 legi
284 1869 382 1930 posse.

552 1935 677 1997 LXXXI.
700 1935 863 2014 [XXXXV.]

434 2033 461 2090 G.
480 2035 606 2087 PLINIUS
623 2036 769 2087 TRAIANO
786 2034 992 2086 IMPERATORI.
1222 2061 1247 2112 ω

188 2151 198 2202 1
275 2133 345 2196 (lum
359 2137 466 2199 Prusae
482 2138 517 2198 ad
532 2138 699 2218 Olympum,
716 2141 847 2219 dominc,
869 2139 993 2220 publicis
1007 2141 1132 2217 negotiis
1148 2141 1215 2199 intra

212 2219 365 2301 hospitium
381 2223 483 2283 eodem
499 2222 545 2283 die
560 2225 687 2284 exiturus
702 2243 850 2302 vacarem,
865 2222 1054 2301 Asclepiades
1070 2225 1214 2300 magistra·

212 2313 257 2366 tus
279 2305 412 2366 indicavit
433 2305 606 2385 appellatum
625 2325 670 2365 me
691 2326 707 2366 a
730 2305 848 2367 Claudio
868 2304 1019 2381 Eumolpo.
1055 2303 1128 2364 Cum
1145 2304 1215 2367 Goo-

214 2391 330 2450 ceianus
344 2389 419 2449 Dion
433 2393 461 2449 in
477 2389 544 2448 bule
559 2388 699 2466 adsignari
722 2390 827 2448 civitati
848 2403 920 2462 opus
937 2388 1016 2445 cuius
1037 2403 1133 2446 curam
1150 2408 1215 2467 egc-

210 2482 254 2530 rat
268 2472 375 2549 vellet,
392 2482 450 2532 tum
465 2471 623 2548 Eumolpus
638 2470 778 2530 adsistens
793 2468 891 2529 Flavio
907 2467 1053 2546 Archippo
1069 2468 1142 2531 dixit
1160 2475 1243 2533 eui-tl

211 2552 332 2630 gendam
348 2573 414 2614 esse
430 2572 446 2613 a
461 2553 553 2613 Dione
569 2554 706 2611 rationem
722 2554 818 2630 operis
840 2561 904 2613 ante
926 2571 1008 2631 quam
1022 2554 1065 2612 rci
1079 2554 1214 2633 publicae

185 2636 384 2712 btraderetur,
411 2634 487 2714 qood
508 2634 591 2695 aliter
610 2634 731 2696 iecisset
752 2654 786 2697 ae
806 2636 962 2697 debuisset.
993 2636 1108 2698 Adiecit
1132 2643 1215 2700 etiam

210 2737 278 2779 esse
303 2721 332 2778 in
353 2717 425 2778 aede
446 2720 567 2797 positam
593 2729 667 2780 tuam
694 2729 812 2781 statuam
833 2730 862 2782 et
884 2739 1005 2801 corpora
1024 2721 1214 2801 sepultorum,
1285 2725 1288 2735 '

210 2804 307 2863 uxoris
322 2801 422 2862 Dionis
437 2811 466 2862 et
480 2802 546 2881 lilii,
562 2801 774 2884 postulavitque
790 2816 820 2867 ut
837 2823 1043 2884 cognoscerem
1059 2823 1111 2885 pro
1127 2808 1214 2868 tribu·

185 2884 277 2951 susti.
312 2885 396 2959 Quod
412 2903 474 2946 cum
490 2895 547 2966 ego
562 2906 608 2949 me
629 2891 758 2968 protinus
773 2889 912 2952 facturum
927 2889 1133 2970 dilaturumque
1148 2899 1244 2970 pro-so

211 2970 365 3032 lectionem
380 2970 526 3051 dixissem,
543 2983 573 3034 ut
587 2973 746 3051 longiorem
762 2973 836 3036 diem
851 2975 887 3035 ad
898 2973 1088 3037 instruendam
1101 2993 1214 3037 causam

185 3055 308 3120 lderem
327 3066 414 3136 utque
436 3057 539 3143 insalia
554 3060 667 3120 civitate
683 3077 892 3137 cognoscerem
906 3061 997 3139 petiit.
1024 3056 1090 3136 Ego
1105 3077 1152 3119 me
1168 3078 1214 3119 au·

214 3140 333 3201 diturum
349 3141 473 3203 Nicaeae
488 3142 632 3222 respondi.
667 3143 722 3203 Ubi
738 3163 806 3205 com
822 3143 1019 3205 consedissem
1035 3144 1213 3220 cogniturus,

210 3226 285 3286 idem
299 3225 468 3306 Eumolpus,
485 3236 624 3306 tamqnam
642 3228 689 3306 [si]
704 3227 796 3288 adhuc
811 3246 908 3307 parurn
923 3230 1087 3303 instructus,
1104 3226 1214 3288 dilatio-

187 3322 276 3372 5nem
291 3322 392 3389 petere
408 3314 518 3390 coepit:
541 3322 638 3373 contra
657 3311 733 3372 Dion
753 3321 784 3372 nt
805 3313 948 3373 audiretur
970 3313 1098 3388 exigere.
1130 3309 1246 3375 nietam

213 3401 276 3451 sunt
292 3397 431 3472 utrimque
446 3396 548 3474 multa,
571 3398 654 3457 etiam
669 3395 705 3456 de
725 3413 818 3456 causa.
852 3395 917 3475 Ego
934 3413 997 3457 eum
1012 3393 1129 3454 dandam
1146 3394 1215 3456 dila·

152 3525 153 3529 ,
211 3476 317 3537 tionem
330 3487 361 3539 et
377 3487 405 3538 te
421 3479 624 3541 consulendum
639 3481 828 3542 existimarem
843 3482 871 3541 iu
885 3499 917 3540 re
930 3480 965 3541 ad
976 3477 1138 3562 exemplum
1148 3498 1216 3562 per·
