2588 4116
317 224 582 286 EPISTULARUM
597 225 688 286 Vllll.
709 235 753 288 34.
768 235 812 290 35·
830 236 873 290 36.
1053 230 1109 289 195

98 390 230 456 tempore
249 380 495 457 occupatissimus.
533 377 603 437 Ideo
619 375 741 435 nondum
756 395 820 436 eum
831 379 907 457 legi,
928 398 990 439 com
1006 381 1111 460 alioqui

100 463 275 523 validissime
302 465 428 541 cupiam:
457 463 510 523 sed
537 478 598 521 eam
618 463 809 522 reverentiam
832 481 895 522 curn
915 463 1019 525 litteris
1040 468 1111 543 ipsis

100 559 159 608 tum
180 547 294 625 scriptis
317 548 372 605 tuis
394 546 488 606 debeo
511 556 541 605 ut
556 562 670 604 sumere
691 543 740 604 illa
754 546 808 605 nisi
823 564 914 606 vacuo
931 549 1022 607 animo
1038 550 1112 609 inre·

101 632 234 709 ligiosum
254 638 361 707 putem.
400 628 583 708 Diligentiam
608 639 684 689 tuam
710 631 738 686 in
763 630 948 691 retractandis
975 634 1139 710 operibnsa

71 714 183 776 evalde
201 715 303 792 probo.
337 712 390 773 Est
411 723 504 774 tamen
520 713 623 791 aliquis
634 712 753 790 modus,
775 715 911 792 primum,
938 715 1014 794 quod
1030 719 1113 775 nimia

101 817 167 859 cura
184 799 287 858 deterit
304 800 395 875 magis
412 815 494 876 mam
509 795 653 865 emcndat;
676 795 796 875 deinde,
820 799 896 876 quod
911 816 964 859 nos
980 817 996 858 a
1010 818 1111 858 recen·

99 883 218 942 tioribus
236 892 357 942 revocat
373 882 515 960 simulque
535 900 591 940 neo
611 880 735 939 absolvit
756 884 850 960 priora
866 891 894 941 et
909 882 1045 942 inchoare
1060 902 1111 961 po·

99 967 219 1027 steriora
234 981 290 1025 non
305 967 422 1044 patitur.
458 965 540 1025 Vale.

54 1145 89 1193 10
548 1097 678 1158 XXXVI.

398 1194 687 1247 o.rn1urusrusoo
708 1195 767 1246 suo
787 1196 813 1247 S.

165 1297 286 1370 Quaeris
309 1296 543 1376 quemadmodum
562 1298 590 1354 in
610 1295 710 1358 Tuscis
733 1297 807 1357 diem
828 1305 937 1356 aestate
958 1298 1139 1377 disponam.1

101 1381 218 1459 Evigilo
240 1399 302 1441 cum
322 1379 420 1457 tibuit,
445 1379 614 1458 plerumque
637 1381 712 1440 circa
739 1380 836 1439 horam
861 1381 994 1459 primam,
1024 1400 1113 1460 saepe

100 1476 179 1544 ante,
198 1465 303 1525 tardius
319 1483 398 1524 raro:
416 1463 530 1525 clausae
546 1464 691 1525 fenestrae
707 1473 828 1525 manent.
849 1462 921 1524 lllire
939 1467 1013 1524 enim
1028 1465 1139 1532 silea-2

58 1553 139 1610 lotio
157 1559 186 1610 et
202 1549 329 1610 tenebris
347 1549 433 1608 abiis
454 1566 527 1628 quae
545 1558 665 1608 avocant
686 1548 841 1624 abductus,
865 1557 894 1607 et
914 1547 988 1608 liber
1004 1551 1114 1609 etmihi

99 1635 237 1712 relictus,
253 1652 309 1694 non
324 1631 425 1694 oculos
444 1634 535 1692 animo
556 1633 609 1692 sed
623 1635 743 1693 animum
758 1631 850 1692 oculis
864 1650 988 1711 sequor,
1005 1635 1052 1712 qui
1064 1652 1113 1694 ea-

100 1720 166 1779 dem
182 1736 255 1796 quae
268 1736 349 1779 mens
364 1716 477 1795 vident,
505 1717 636 1797 quotiens
659 1735 716 1777 non
736 1717 833 1777 vident
853 1715 916 1776 alia.
947 1716 1071 1795 Cogito,
1089 1720 1114 1778 si

101 1803 170 1881 quid
184 1805 212 1862 in
225 1802 370 1878 manibus,
391 1804 487 1879 cogito
502 1801 670 1861 adverbum
685 1802 822 1862 scribenti
840 1800 1057 1880 emendantique
1075 1804 1113 1862 si·

101 1888 186 1965 milis,
202 1905 277 1947 nunc
293 1889 427 1964 pauciora
442 1905 515 1945 nuno
530 1885 622 1964 plura,
640 1894 670 1944 ut
683 1885 732 1945 vel
744 1884 861 1946 diflicile
872 1884 921 1945 vel
935 1885 1022 1946 facile
1037 1904 1112 1945 com-

56 1986 90 2038 ιο
102 1972 169 2049 poni
186 1972 315 2030 tenerive
338 1978 501 2048 potuerunt.
536 1967 683 2028 Notarium
698 1987 774 2028 voco
791 1977 820 2027 et
837 1969 883 2028 die
899 1968 1022 2029 admisso
1039 1988 1113 2047 quae

100 2056 287 2114 formaveram
303 2052 394 2112 dicto:
418 2052 475 2112 abit
490 2069 647 2128 rursusque
663 2061 814 2111 revocatur
829 2070 985 2130 rursusque
1002 2053 1112 2112 dimitti·

98 2151 152 2198 tur.
175 2136 231 2196 Ubi
254 2135 326 2194 hora
350 2144 447 2214 quarta
469 2132 517 2193 vel
541 2137 635 2210 quinta
657 2136 857 2213 (nequeenim
877 2144 985 2194 eertum
1006 2135 1138 2202 dimen-3

99 2239 219 2299 sumque
235 2218 379 2298 tempus),
396 2228 427 2279 ut
441 2217 502 2278 dies
518 2220 623 2294 suasit,
646 2218 674 2276 in
688 2227 802 2292 xystum
816 2237 863 2278 me
879 2216 927 2276 vel
943 2228 1113 2296 cryptopor-

99 2310 186 2366 ticum
201 2303 339 2381 eonlero‚
363 2301 473 2382 reliqua
488 2300 609 2361 meditor
625 2311 655 2362 et
670 2301 756 2362 dicto.
790 2299 961 2361 Vehiculum
977 2300 1112 2361 ascendo.

54 2406 89 2457 an
99 2383 142 2452 lbi
158 2406 272 2470 quoque
286 2387 361 2448 idem
379 2387 455 2467 quod
470 2385 617 2447 ambulans
628 2395 675 2446 aut
687 2388 795 2447 iacens.
817 2385 908 2445 Durat
921 2387 1042 2446 intentio
1054 2403 1113 2444 mu·

98 2478 205 2537 tatione
221 2476 284 2553 ipsa
300 2474 427 2533 refecta:
451 2470 566 2551 paulum
579 2470 732 2546 redormio‚
750 2470 816 2530 dein
827 2468 953 2546 ambulo,
969 2486 1036 2529 mox
1051 2488 1112 2529 ora-

97 2562 206 2619 tionem
229 2555 366 2618 Graecam
390 2556 551 2617 Latinamve
574 2555 652 2616 clare
675 2564 704 2614 et
725 2555 851 2632 intente,
876 2573 932 2615 non
954 2564 1008 2613 tum
1030 2557 1112 2614 vocis

100 2661 186 2703 causa
201 2657 283 2719 quarn
299 2639 437 2701 stomachi
453 2639 536 2718 lego:
554 2642 660 2717 pariter
672 2648 765 2698 tamen
779 2649 809 2699 et
823 2638 873 2700 illa
892 2639 1024 2699 firmatur.
1055 2637 1113 2698 lte-

99 2745 160 2785 rum
175 2723 304 2799 ambulo,
327 2740 435 2801 ungor,
461 2741 618 2801 exerceor,
640 2724 729 2783 lavor.
766 2721 884 2784 Cenanti
898 2724 981 2799 milri,
1005 2724 1030 2782 si
1049 2736 1139 2788 cuma

53 2826 91 2879 30
102 2826 193 2869 uxore
207 2807 257 2868 vel
274 2808 384 2886 paucis,
400 2806 474 2868 liber
489 2806 606 2885 legitur:
623 2818 690 2886 post
705 2825 803 2868 cenam
815 2806 971 2869 comoedus
983 2817 1030 2867 aut
1044 2806 1111 2882 lyri-

99 2907 175 2956 stes:
197 2909 265 2954 mox
287 2910 351 2953 oum
365 2893 437 2952 meis
453 2891 586 2970 ambulo,
610 2907 729 2970 quorum
743 2894 771 2952 in
785 2908 902 2952 nurnero
918 2901 983 2952 sunt
999 2890 1110 2951 eruditi.

99 2982 142 3042 lta
156 2977 241 3039 variis
258 2976 438 3038 sermonibus
451 2993 573 3054 vespera
587 2976 758 3054 extenditur,
774 2985 803 3036 et
818 2992 985 3056 quamquam
1003 2974 1111 3051 longis·

101 3067 190 3125 simus
212 3061 274 3123 dies
297 3062 355 3122 cito
370 3059 509 3121 conditur.
543 3058 607 3120 Non
621 3078 771 3140 numquam
783 3078 819 3120 ex
834 3060 891 3120 hoo
903 3059 1002 3118 ordine
1018 3057 1137 3135 aliquae

100 3157 249 3208 mutantur.
269 3144 341 3206 Nam
356 3147 380 3206 si
397 3145 443 3205 diu
458 3147 531 3206 iacui
545 3144 593 3204 vel
608 3144 759 3222 ambulavi,
775 3153 842 3223 post
858 3160 986 3203 somnum
999 3142 1111 3201 demum

55 3234 313 3309 aeternorumque
330 3248 387 3290 non
402 3228 536 3289 vehiculo
552 3229 620 3305 sed,
645 3227 720 3306 qnod
735 3227 868 3306 brevius,
888 3227 954 3304 quia
966 3222 1110 3300 velocius,

102 3335 177 3396 equo
199 3324 309 3395 gestor.
342 3313 536 3375 Interveniunt
558 3313 640 3372 amici
656 3331 692 3371 ex
707 3313 843 3390 proximis
859 3308 973 3387 oppidis
989 3309 1111 3386 partem·

102 3420 158 3480 qne
176 3400 233 3461 diei
247 3398 283 3461 ad
298 3418 330 3461 se
345 3398 457 3460 trahunt
471 3397 667 3474 interdumque
680 3394 758 3456 lasso
772 3394 840 3453 mibi
856 3402 1015 3472 opportuna
1025 3393 1108 3451 inter·

102 3485 258 3564 pellatione
269 3483 448 3545 subveniunt.
475 3480 574 3543 Venor
587 3477 756 3558 aliquando,
779 3477 831 3538 sed
845 3478 980 3622 nop3sipe
991 3473 1137 3557 pugillo-6
