2588 4116
433 255 697 317 PANEGYRIGUS
713 269 857 321 coenob.
1086 261 1149 323 269

135 414 197 465 erat
216 405 292 484 apud
312 408 471 486 principem
492 407 558 467 huic
579 407 670 467 laxior
688 408 804 486 domus,
837 408 877 468 illi
898 413 1044 471 amoenior
1064 413 1147 482 villa3

135 506 211 548 nunc
233 491 368 569 princeps
390 493 419 550 in
434 492 506 553 haec
523 489 624 551 eadem
640 491 769 552 dominos
785 495 912 571 quaerit,
940 497 1004 573 ipse
1026 496 1147 557 inducit:

134 575 216 651 ipsos
232 573 299 634 illos
316 576 410 653 magni
424 573 574 654 aliquando
589 576 768 653 imperatoris
785 575 901 652 hortos,
917 576 988 638 illud
999 596 1148 657 numquam

134 659 189 718 nisi
207 655 339 719 Caesaris
355 660 546 737 suburbanum
560 657 695 736 licemur,
719 661 853 738 emimus,
877 661 1045 739 implemus·
1062 662 1148 724 'lanta

106 742 296 818 5beniguitas
318 744 474 822 principis,
497 752 575 802 tanta
591 745 732 803 securitas
748 753 909 823 temporum
924 755 969 807 est
984 756 1015 806 ut
1029 745 1080 807 ille
1094 765 1148 808 nos

135 826 341 904 principalibus
356 828 442 887 rebus
459 827 603 886 existimet
619 827 739 905 dignos,
755 845 809 888 nos
823 846 879 888 uon
891 831 1055 908 timeamus,
1072 831 1148 910 quod

135 909 212 986 digni
231 928 297 970 esse
313 911 452 971 videmur.
486 909 549 971 Nec
564 929 635 971 vcro
651 911 763 971 emendi
778 920 884 972 tantum
898 915 1009 974 civibus
1026 917 1081 974 tuis
1098 932 1147 974 co·

134 996 208 1072 piam
222 993 357 1072 praebes,
375 994 427 1054 sed
443 997 640 1055 amoenissima
656 1013 787 1075 quaeque
799 996 911 1074 largiris
923 1005 952 1057 et
963 997 1066 1066 donas;
1082 999 1146 1076 ista,

133 1079 263 1155 iuquam,
287 1076 377 1137 donas
399 1079 427 1136 in
449 1095 521 1155 quae
536 1076 664 1156 electus,
688 1081 716 1138 in
732 1098 805 1158 quae
820 1080 971 1158 adoptatus
987 1101 1035 1143 es:
1056 1092 1147 1143 mans·

89 1177 125 1227 10
134 1161 194 1220 iers
216 1160 293 1238 quod
313 1161 418 1221 iudicio
439 1164 596 1240 accepisti,
620 1181 654 1223 ac
669 1161 737 1222 nihil
754 1166 843 1242 magis
860 1174 937 1223 tuum
954 1165 1049 1227 credis
1065 1185 1148 1245 quarn

135 1243 214 1322 quod
229 1262 282 1322 per
296 1247 403 1305 amicos
418 1244 519 1304 habes.

197 1326 276 1387 Idem
295 1337 352 1389 tarn
374 1346 477 1408 parcus
496 1329 525 1386 in
544 1327 719 1387 aedificando
743 1347 825 1407 quarn
846 1329 969 1406 diligens
984 1332 1013 1390 in
1029 1332 1143 1392 tuendo.
1158 1327 1197 1392 51

134 1409 235 1488 ltaque
251 1429 326 1490 non,
343 1421 470 1491 utente,
486 1413 636 1471 inmanium
646 1414 858 1473 transvectione
871 1430 1003 1475 saxorum
1014 1415 1092 1474 urbis
1104 1425 1147 1495 te·

135 1503 180 1555 cta
196 1493 367 1574 quatiuntur.
396 1498 476 1557 Stant
497 1512 616 1556 securae
638 1494 738 1556 domus
756 1514 810 1556 uec
825 1499 878 1556 iam
893 1497 999 1576 templa
1013 1501 1146 1560 nutantia.

90 1595 124 1646 15
135 1580 211 1640 Satis
231 1589 279 1641 est
298 1581 350 1641 tibi
371 1582 562 1660 nimiumque,
581 1597 644 1640 cum
666 1582 846 1641 successeris
861 1581 1055 1659 frugalissimo
1071 1585 1146 1662 prin·

135 1665 192 1742 cipi
201 1686 208 1733 ;
225 1682 357 1742 magnum
372 1667 486 1725 reicere
499 1662 606 1744 aliq'uid
622 1673 653 1723 ct
667 1672 811 1743 amputare
823 1683 860 1724 ex
875 1667 911 1726 iis
927 1684 1000 1744 quae
1011 1669 1147 1747 princeps

133 1756 274 1826 tamquam
288 1751 453 1810 necessaria
469 1748 593 1827 reliquit.
627 1747 779 1809 Praeterea
797 1760 879 1828 pater
892 1760 957 1810 tuus
972 1752 1070 1810 usibus
1086 1753 1146 1811 suis

135 1831 300 1893 detrahebat
321 1852 393 1913 quae
416 1833 528 1894 fortuna
546 1834 660 1911 imperii
677 1832 809 1910 dederat,
836 1843 866 1894 tu
887 1837 943 1896 tuis
967 1839 1168 1913 quae'pater.'

133 1916 172 1975 At
184 1934 266 1995 quarn
282 1919 448 1994 magnificus
463 1919 491 1975 iu
509 1916 655 1995 publicum
670 1914 724 1976 es?
754 1916 826 1976 lli'nc
845 1922 993 1996 porticus,
1015 1919 1081 1978 inde
1097 1919 1147 1978 de·

90 1999 215 2065 aolubra
236 1998 350 2059 occulta
372 1999 520 2059 celeritate
536 2009 742 2077 properantur,
770 2010 871 2060 utnon
887 2012 1079 2061 consummata
1094 2001 1147 2061 sed

133 2092 241 2143 tantum
260 2092 419 2142 conmutata
439 2082 597 2143 videantur.
632 2080 704 2141 llinc
720 2084 878 2143 inmensum
893 2084 967 2144 latus
984 2087 1052 2143 circi
1076 2094 1145 2143 tem·

134 2165 247 2244 plorum
268 2160 508 2245 pulchritudinem
529 2174 686 2244 provocat,
715 2165 799 2241 digna
819 2166 927 2245 populo
948 2170 1061 2227 victore
1075 2187 1145 2244 gen·

134 2253 204 2310 tium
219 2249 322 2324 sodes,
338 2248 499 2310 nec‘minus
514 2251 578 2328 ipsa
593 2249 711 2309 visenda
726 2266 809 2326 quarn
827 2268 900 2329 quae
915 2270 952 2310 ex
966 2250 1014 2310 illa
1032 2261 1146 2329 specta-

134 2336 253 2406 buntur:
268 2333 386 2394 visenda
401 2342 496 2394 autem
514 2352 578 2393 cum
595 2343 692 2393 cetera
707 2335 827 2412 specie,
843 2345 901 2394 tum
915 2334 992 2413 quod
1008 2344 1145 2412 aequatus

91 2418 229 2498 btplcbis
246 2437 281 2480 ac
297 2419 434 2498 principis
450 2417 549 2488 locus3
572 2417 711 2496 siquidem
725 2436 779 2496 per
797 2435 881 2477 omne
897 2421 1019 2498 spatium
1033 2437 1087 2478 ona
1104 2418 1144 2478 ia·

135 2504 214 2581 cies,
234 2503 326 2562 omnia
347 2505 481 2563 continua
500 2513 529 2563 et
553 2505 647 2580 paria,
669 2521 724 2561 nec
744 2505 834 2580 magis
848 2507 981 2581 proprius
998 2502 1145 2582 spectandi

134 2584 254 2668 Caesari
257 2595 422 2665 suggestus
437 2605 519 2665 qnam
535 2587 650 2666 propria
664 2604 737 2665 quae
749 2595 873 2665 spectet.
900 2587 1009 2647 Licebit
1023 2605 1094 2664 ergo
1107 2589 1145 2646 ci·

133 2670 217 2729 vibus
233 2670 290 2745 tuis
305 2679 334 2729 te
348 2671 470 2730 invicem
486 2672 630 2731 contueri:
658 2670 769 2730 dabitur
786 2690 843 2732 non
864 2672 1026 2732 cubiculum
1041 2674 1145 2751 princi·

134 2755 179 2832 pis
197 2752 249 2813 sed
270 2754 363 2832 ipsum
378 2755 536 2832 principem
558 2772 695 2831 cernere,
718 2757 746 2813 in
766 2755 901 2834 publico,
923 2759 951 2816 in
973 2756 1082 2835 populo
1099 2776 1145 2816 se·
1199 2760 1202 2765 ’
1267 2755 1272 2761 ’

89 2839 264 2913 abdentem,
281 2835 408 2916 populo,
425 2839 472 2896 cui
487 2836 617 2897 locorum
633 2840 757 2917 quinque
772 2840 848 2900 milia
861 2841 999 2902 adiecisti.
1014 2840 1144 2900 duxeras

135 2924 210 2982 enirn
225 2922 371 2981 numerum
383 2923 446 2981 cius
459 2923 595 2999 congiarii
609 2920 743 2981 iacilitate
754 2926 947 3003 maioremque
958 2929 986 2984 in
997 2934 1144 3004 posterum

133 3007 243 3084 suscipi
258 3005 434 3066 liberalitatis
452 3015 518 3065 tuae
534 3004 589 3064 lide
605 3007 739 3067 iusseras.

130 3109 133 3115 ·
195 3090 302 3150 Horum
316 3108 401 3148 unum
416 3091 440 3148 si
455 3090 645 3168 praestitisset
658 3090 748 3169 alius,
765 3093 820 3149 iarn
835 3091 938 3151 dudum
952 3091 993 3150 illi
1006 3091 1142 3150 radiatum
1155 3091 1196 3154 52

133 3184 219 3254 caput
237 3184 267 3234 et
282 3168 374 3234 media¹
387 3174 462 3234 iuter
477 3173 548 3234 deos
565 3173 651 3236 sedes
664 3193 732 3236 auro
746 3185 834 3235 staret
849 3184 896 3235 aut
910 3175 1143 3252 ebore‘augusti-

88 3269 123 3324 35
135 3259 295 3336 oribusque
309 3259 366 3319 aris
382 3266 411 3318 et
427 3258 626 3336 grandioribus
640 3260 764 3319 victimis
784 3261 974 3319 invocaretur.
1005 3257 1047 3316 'ln
1064 3258 1144 3318 delu-

132 3342 183 3402 bra
200 3360 257 3402 nou
277 3344 330 3403 nisi
349 3343 515 3404 adoraturus
530 3345 632 3420 intras,
658 3344 709 3414 tibi
730 3344 867 3403 maximus
887 3344 979 3403 honor
999 3344 1143 3403 excubare

132 3444 186 3506 pro
204 3427 317 3506 templis
334 3427 523 3506 postibusque
539 3428 680 3505 praetexi.
713 3426 761 3485 Sic
777 3427 850 3488 litut
866 3428 902 3487 dii
919 3445 1055 3488 summum
1070 3430 1144 3488 inter

132 3510 263 3571 homines
277 3512 420 3590 fastigium
436 3521 569 3590 servent,
586 3529 650 3570 cum
664 3511 781 3581 deorum
795 3513 860 3590 ipsc
875 3529 931 3572 non
942 3512 1072 3592 adoptas.
1087 3512 1142 3572 lta·

1151 3662 1274 3880 s
