2588 4116
426 150 690 214 Pnuuuttttcus
712 163 754 216 66.
764 162 807 217 67.
815 164 859 219 68.
1082 156 1144 219 281

135 316 198 382 stu,
225 313 286 364 tcto
308 301 430 382 denique
450 322 573 384 corpure
597 304 682 365 lidcs!
709 304 837 371 ,Tenebit
858 324 931 383 ergo
945 326 1061 386 semper
1077 310 1144 387 quid

134 389 274 464 suaserit,
298 389 430 464 scietquc
446 407 516 465 uos,
538 390 670 467 quotiens
687 388 846 450 libertatem
862 408 945 468 quam
961 390 1039 451 dedit
1053 410 1142 472 expe·

134 476 256 547 riemnr,
281 470 336 531 sibi
354 488 465 548 parere.
489 470 552 532 Nec
566 471 721 531 verendum
736 481 831 533 estne
849 474 977 534 incautos
995 483 1091 553 putet,
1117 479 1142 535 si

134 555 271 615 fidelitate
287 563 445 631 temporum
461 564 624 617 constanter
639 565 763 632 utamur,
779 573 852 634 quos
868 559 993 618 meminit
1004 558 1057 618 sub
1068 558 1142 619 malo

108 640 264 718 aprincipe
282 637 365 697 aliter
378 640 496 699 vixisse.
527 636 699 717 Nuncupare
720 648 786 698 vota
801 649 829 699 et
844 655 897 716 pro
911 643 1078 701 aeternitate
1092 644 1142 700 im·

134 723 207 800 perii
229 730 258 782 et
280 738 333 799 pro
354 720 451 782 salute·
462 724 638 801 principum,
660 723 743 781 immo
761 740 813 801 pro
829 723 921 785 salute
936 726 1096 802 principum
1108 743 1142 784 ac
1218 730 1222 735 '

134 815 255 884 propter
270 804 337 864 illos
351 823 404 883 prc
422 808 589 866 aeternitate
604 807 714 884 imperii
731 805 905 867 solebamus.
931 806 1009 869 Haec
1024 826 1077 886 pro
1091 810 1141 867 im·

133 892 216 969 peric
239 898 337 949 nostro
359 890 388 948 in
410 907 483 968 quae
505 892 560 950 sint
581 890 669 949 verba
685 899 821 968 suscepta
835 907 942 969 operae
957 893 1080 969 pretium
1097 901 1142 953 est

133 972 268 1032 adnotare
292 973 329 1032 ‘si
350 972 425 1032 bene
447 992 507 1033 rem
522 973 665 1053 publicam
680 982 709 1032 et
725 991 762 1032 ex
776 973 895 1034 utilitate
912 976 1035 1034 omnium
1049 992 1141 1034 rece-

90 1068 125 1120 10
135 1059 203 1117 ric’.
226 1054 319 1133 Digna
334 1065 400 1115 vota
415 1074 492 1133 quac
502 1074 618 1135 semper
632 1058 822 1135 suscipiantur
836 1075 1011 1135 semperque
1026 1057 1139 1119 solvan-

134 1151 187 1200 tur.
215 1138 282 1215 llgit
299 1158 362 1199 curu
378 1139 432 1200 diis
447 1142 511 1219 ipsc
528 1150 556 1200 te
572 1149 708 1217 auctore,
730 1138 853 1218 Caesar,
876 1159 923 1202 res
938 1141 1053 1219 publica
1068 1151 1098 1201 nt
1112 1150 1142 1200 te

133 1225 273 1301 sospitem
293 1222 523 1301 incolumemque
539 1231 733 1302 praestarent,
760 1225 784 1283 si
804 1233 834 1283 tu
852 1233 968 1283 ceteros
984 1225 1142 1301 praestitis-

133 1325 199 1373 ses;
220 1309 244 1368 si
261 1316 377 1383 contra,
399 1306 440 1366 illi
457 1325 572 1385 quoque
586 1324 602 1365 a
618 1305 747 1365 custodia
761 1307 802 1365 tui
817 1307 918 1383 capitis
935 1306 1036 1367 oculos
1053 1306 1141 1365 dimo·

132 1400 233 1450 verent
250 1400 336 1468 teque
351 1388 545 1470 relinquerent
561 1391 635 1449 votis
652 1407 725 1467 quae
740 1406 797 1449 uon
813 1389 904 1467 palam
918 1391 1143 1469 susciperentur.

92 1486 124 1537 15
135 1473 189 1533 Alii
204 1491 237 1534 se
253 1475 423 1551 superstites
438 1476 480 1533 rei
497 1473 629 1553 publicae
646 1473 780 1552 aptabant
795 1473 1011 1552 faciebantque:
1032 1473 1082 1532 tibi
1097 1490 1140 1533 sa·

133 1559 179 1617 lus
194 1567 241 1618 tua
257 1559 348 1618 invisa
359 1567 420 1635 est,
438 1560 462 1618 si
478 1574 534 1616 nou
550 1559 587 1618 sit
600 1574 663 1616 cum
676 1556 861 1635 reipublicae
874 1556 966 1616 salute
982 1557 1142 1617 coniuncta.

132 1640 209 1700 Nihil
226 1658 279 1720 pro
294 1650 322 1701 te
337 1642 451 1719 pateris·
462 1644 570 1719 optari,
585 1642 639 1701 uisi
654 1639 787 1718 expediat
802 1641 982 1718 optantibus,
998 1641 1141 1703 omnibus·

134 1743 190 1802 que
206 1726 284 1785 annis
300 1728 328 1784 in
343 1724 492 1784 consilium
507 1723 543 1785 de
559 1735 586 1785 te
602 1724 673 1785 deos
687 1725 790 1800 mittis,
813 1724 964 1804 exigisque
982 1735 1013 1784 nt
1028 1733 1142 1785 seuten-
1200 1728 1214 1749 '²

132 1810 198 1867 tiam
213 1826 292 1868 suam
306 1816 430 1885 mutent,
447 1810 471 1868 si
487 1808 551 1869 talis
567 1825 634 1869 esse
650 1807 770 1868 desieris
783 1807 874 1885 qualis
890 1808 1002 1869 electus
1018 1826 1059 1867 es.
1085 1807 1144 1866 Sed

90 1903 125 1954 20
134 1894 243 1968 ingenti
260 1893 453 1965 conscientia,
471 1889 595 1965 Caesar,
611 1891 769 1967 pacisceris
786 1908 849 1949 cum
864 1889 917 1949 diis
933 1901 963 1950 ut
979 1901 1026 1968 te,
1045 1893 1069 1949 si
1084 1908 1144 1950 me·

132 1976 260 2048 rebaris,
278 1982 413 2050 servent,
432 1982 494 2032 cum
511 1974 586 2033 scias
602 1990 636 2030 au
650 1973 786 2031 merearis
800 1975 940 2033 neminem
956 1975 1045 2049 magis
1060 1990 1143 2050 quam

134 2059 205 2117 deos
229 2059 314 2116 scire.
348 2055 450 2116 Nonne
469 2056 570 2132 vobis,
595 2064 691 2133 patres
708 2057 880 2133 conscripti,
904 2056 976 2116 baec
991 2055 1091 2115 diebus
1109 2072 1143 2115 ac

133 2141 266 2200 noctibus
281 2141 389 2217 agitare
405 2157 504 2199 secum
519 2135 651 2199 videtur?
674 2143 743 2214 ‘ego
760 2137 873 2216 quidem
888 2140 915 2199 in
929 2156 991 2214 mc,
1014 2140 1038 2198 si
1057 2140 1143 2196 omui·
1229 2142 1232 2149 “

134 2243 180 2283 um
201 2224 305 2284 utilitas
328 2225 365 2283 ita
385 2231 541 2302 posceret,
568 2222 652 2281 etiam
667 2220 807 2299 praelecti
821 2239 931 2280 manum
947 2223 1065 2281 armavi:
1091 2220 1144 2279 sed

91 2320 169 2371 tane
185 2308 303 2367 deorum
319 2306 432 2385 quidem
445 2317 491 2366 aut
503 2306 570 2365 iram
582 2314 628 2365 aut
639 2303 851 2382 neglegentiam
862 2304 1020 2382 deprecor;
1035 2319 1143 2381 quaeso

133 2394 217 2451 immo
237 2401 267 2451 et
290 2392 421 2452 obtestor
440 2409 477 2451 ne
498 2407 628 2468 umquam
647 2407 700 2466 pro
720 2407 766 2448 me
782 2397 848 2448 vota
864 2406 913 2448 res
929 2388 1044 2466 publica
1059 2388 1144 2446 iuvita

134 2477 289 2552 suscipiat,
316 2484 363 2535 aut
385 2477 409 2535 si
428 2476 590 2553 susceperit
606 2475 710 2548 invita,
736 2490 772 2532 nc
788 2471 914 2531 debeat'.
948 2470 1035 2548 Capis
1059 2480 1199 2547 erg0,68

91 2588 94 2592 ·
136 2556 260 2631 Caesar,
276 2557 375 2618 salutis
391 2567 456 2619 tuae
474 2558 710 2635 gloriosissimum
725 2555 846 2616 fructum
862 2574 900 2615 ex
914 2572 1058 2615 consensu
1075 2553 1143 2613 deos

134 2659 205 2699 rum.
233 2638 304 2699 Nam
322 2658 385 2699 cum
403 2643 532 2719 excipias
548 2651 579 2699 ut
594 2641 633 2700 ita
648 2639 760 2698 demum
774 2649 803 2699 te
818 2639 855 2698 dii
871 2649 1005 2716 servent,
1029 2640 1053 2698 si
1070 2638 1146 2697 bene

92 2734 195 2788 torem
210 2723 354 2803 publicam
366 2733 396 2783 et
411 2742 449 2784 ex
464 2723 584 2784 utilitate
597 2725 718 2783 omnium
732 2725 859 2801 rexeris,
876 2732 972 2784 sertus
984 2742 1016 2783 es
1031 2732 1059 2782 tc
1071 2720 1145 2780 bene

134 2826 195 2867 rem
216 2806 358 2886 publicam
383 2826 506 2886 regere,
534 2824 597 2866 cum
618 2816 743 2866 servent.
781 2807 881 2885 ltaque
903 2825 1023 2867 securus
1045 2806 1095 2865 tibi
1118 2811 1146 2864 et

134 2892 227 2952 laetus
248 2891 310 2952 dies
333 2892 409 2969 exit,
433 2893 481 2969 qui
502 2892 648 2970 principes
669 2890 740 2951 alios
763 2909 830 2950 cura
845 2900 874 2949 et
890 2900 967 2950 metu
983 2888 1146 2962 distinebat,

135 2994 200 3034 cum
215 2976 349 3054 suspensi
365 2984 394 3034 ct
405 2976 515 3034 attoniti
528 2992 683 3054 parumque
697 2975 796 3034 conlisi
810 2975 943 3051 patientia
958 2982 1064 3046 nostra,
1081 2970 1148 3028 binc

135 3069 220 3137 atque
236 3058 301 3118 iude
316 3057 450 3137 publicae
466 3060 611 3118 servitutis
623 3060 737 3118 nuutios
749 3065 946 3132 expectarent.
972 3054 1017 3113 Ac
1034 3054 1058 3111 si
1073 3052 1146 3111 forte

91 3149 125 3201 35
135 3142 246 3220 aliquos
260 3142 372 3201 ilumina
386 3144 468 3202 nives
480 3144 558 3201 venti
575 3140 810 3221 praepedissent,
826 3141 919 3198 statim
930 3138 987 3197 hoc
998 3134 1068 3194 illud
1080 3152 1148 3195 essa

135 3225 292 3285 credebant
310 3226 386 3303 qucd
398 3226 593 3293 merebantur;
608 3243 664 3285 uec
681 3233 741 3283 erat
754 3215 906 3283 discrimen
920 3220 1008 3280 ullum
1020 3219 1148 3295 pavoris,

134 3318 290 3387 propterea
305 3309 400 3387 quod,
425 3326 489 3369 cum
513 3327 528 3368 a
550 3308 624 3367 malo
641 3309 772 3386 principe
789 3315 927 3384 tamquam
942 3319 1099 3365 successor
1115 3302 1149 3361 ti·

134 3390 244 3452 meatur
256 3394 385 3471 quisquis
402 3402 447 3453 est
461 3392 590 3469 dignior,
607 3409 672 3450 cum
686 3392 723 3449 sit
735 3404 820 3449 nemo
834 3407 891 3449 uon
906 3388 1034 3465 dignior,
1051 3402 1150 3445 omues
