2588 4116
152 217 213 281 ιοο
572 216 605 276 c
626 190 723 276 runi

150 389 230 466 αας,
250 359 512 466 Ἀριστόγειτον,
536 358 713 446 μάλλονὸ’
740 359 909 446 ἀνῄρηκας
927 359 1023 438 όλως.
1024 359 1093 464 μὴ
1113 360 1156 447 66

150 443 236 532 πρὸς
248 439 309 523 069
329 442 430 548 αὐτός
448 449 571 549 ἔχωσας
594 447 730 528 λιμένας
747 431 802 510 καλ
819 442 1007 548 προβόλων
1018 439 1194 548 ἐνέπλη-

151 547 226 633 σας,
250 527 333 631 πρὸς
350 527 491 606 τούτους
497 526 661 631 ὁρμίζομ,
684 543 712 593 et
728 534 837 593 dixerat
854 523 1007 630 606696'
1028 524 1156 632 οὐδένα

150 609 221 698 ὁρῶ
232 636 300 677 των
312 609 425 678 τόπων
443 609 573 677 τούτων
586 608 762 696 βάσιμον”
743 637 841 693 οντα,
854 594 948 677 ἀλλὰ
951 608 1061 677 πάντα
1073 609 1154 715 ἀπό-

150 720 292 802 κρημνα,
306 692 490 799 φάραγγας,
503 692 669 798 βάραθρα.
689 699 727 760 Et
717 660 878 803 deino6ps
895 697 1030 798 69‘60966
1042 720 1087 798 μη
1076 693 1154 761 6o'·
1144 717 1182 768 -5

150 781 227 881 ξητέ
242 796 307 843 τισι
325 778 384 844 τόν
401 774 452 843 ἀεὶ
469 775 680 882 βουλόμενον
699 775 784 844 εἶναι
801 775 953 882 πονηρόν
970 783 1039 843 τῶν
1058 773 1096 843 ἐν
1114 785 1156 865 τῇ

150 859 245 928 πόλει
257 863 503 964 παιβοτριβείν,
521 885 576 927 nec
598 869 665 927 satis
688 858 768 927 0666
783 860 846 967 669
865 860 943 939 τούς
961 859 1155 945 προγόνους

149 940 401 1054 ὑπολαμβάνω
401 940 442 1008 τά
465 942 662 1055 διμαστήρια
688 950 794 1047 ταῦτα
817 944 898 1028 ὑμῖν
921 947 1153 1045 οἰκοδομῆσαι,

149 1032 205 1094 ἵνα
216 1051 295 1131 6099
306 1023 480 1105 τοιούτους
492 1024 531 1094 ἐν
542 1024 655 1105 αύτοῑς
668 1026 862 1130 μοσχεύητε,
875 1033 909 1093 ad
924 1034 981 1093 hoo
998 1031 1028 1092 εί
1044 1026 1153 1093 6696·

149 1106 285 1194 πηλός’
272 1130 341 1176 εστι
360 1116 522 1196 πονηρίας
539 1111 594 1176 καὶ
611 1109 860 1195 παλιγκάπηλος
876 1137 918 1176 κα
919 1109 1153 1213 μεταβολευς
1163 1127 1196 1177 10

149 1209 179 1259 et
192 1198 270 1259 mille
284 1197 360 1276 talia,
374 1208 405 1258 ut
418 1210 594 1279 praeteream
609 1218 681 1278 quae
697 1200 731 1258 ab
747 1200 894 1262 Aeschine
909 1191 1079 1278 θαύματα,
1096 1217 1153 1260 non

107 1275 278 1363 Ιορήματα
299 1292 444 1342 vocantur.
477 1284 508 1343 ln
527 1286 694 1344 contrarium
715 1284 816 1344 incidi:
839 1285 919 1344 dices
940 1283 1015 1342 huno
1037 1299 1154 1360 quoque

150 1367 187 1426 ob
206 1370 260 1428 ista
278 1365 393 1445 oulpari
426 1366 483 1426 Sed
498 1367 563 1426 vide
585 1376 689 1465 quanto
704 1369 794 1426 maior
815 1369 852 1428 sit
868 1370 916 1444 qui
933 1365 1154 1464 reprehenditur

148 1453 213 1528 ipso
233 1450 478 1547 reprehen6ente‚
506 1461 534 1510 et
551 1454 638 1510 maior
658 1451 694 1510 ob
708 1451 790 1510 haee.
823 1450 855 1510 ln
871 1450 933 1512 aliis
948 1452 1021 1508 enirn
1037 1451 1098 1525 vis,
1125 1452 1154 1507 in

108 1547 139 1597 ll
149 1534 193 1595 his
208 1533 351 1612 granditas
367 1534 428 1592 eius
444 1532 549 1592 eluoet
569 1530 641 1591 Num
655 1543 749 1594 autern
762 1533 948 1595 Aeschines'
940 1551 1004 1631 rpse
1018 1532 1063 1592 his
1079 1494 1152 1611 6uae
1163 1534 1194 1586 15

149 1619 176 1675 in
194 1616 388 1716 Dempsthepe
408 1617 557 1712 carpebat
558 1614 713 1677 abstinuit?
739 1614 793 1677 δεῖ
806 1609 871 1695 γάρ
888 1607 989 1676 ταύτὰ
1009 1613 1153 1694 φθέγγε-

149 1703 232 1760 σθαι
240 1693 303 1797 τὸν
301 1688 439 1798 ρύτορα
455 1688 557 1758 καὶ
524 1717 584 1799 609
595 1691 717 1798 96909·
727 1691 819 1802 ὅταν
832 1694 895 1760 66
881 1696 997 1779 ετέραν
1009 1691 1071 1777 μὲν
1086 1719 1153 1778 φω-

148 1773 214 1879 νην
231 1774 315 1884 6996
333 1773 350 1842 6
371 1776 474 1858 νόμος
492 1775 608 1878 ἑτέραν
627 1774 696 1842 66‘
682 1802 699 1843 o
718 1774 842 1887 ῥήτωρ.
868 1782 935 1844 Alio
954 1782 1022 1843 loco
1040 1780 1154 1842 ἔπειτα

149 1856 370 1963 ἀναφαίνεται
386 1859 482 1963 περλ
480 1857 616 1925 πάντων
634 1857 673 1926 ἐν
688 1865 735 1948 τῷ
727 1866 852 1967 φωτί.
871 1866 977 1964 lterpm
997 1865 1051 1925 alio
1074 1856 1151 1925 ἀλλ’

149 1938 376 2049 ἐγκαθημενοι
394 1945 449 2010 καὶ
462 1925 735 2047 695699609699’
721 1969 759 2010 εν
768 1949 816 2047 66
834 1941 993 2030 ἀκροάσει
1006 1941 1152 2008 είσελαύ-
1161 1956 1195 2008 20

148 2050 222 2091 νετε
238 2050 344 2093 αντον
356 2031 402 2104 είς
413 2024 492 2132 6069
505 2024 719 2132 παρανόμους
735 2026 867 2112 λόγους
898 2033 982 2107 Quod
999 2033 1071 2092 adeo
1087 2049 1153 2129 pr9·

108 2115 270 2177 labantur
285 2126 397 2214 repetat
412 2107 486 2177 ἀλλ’
506 2109 618 2215 ὥσπερ
637 2107 675 2178 ἐν
689 2124 760 2189 ταῖς
776 2115 1058 2214 ιπποιλρομίαις’
1029 2136 1075 2187 εις
1091 2107 1154 2176 τόν

148 2199 211 2258 τοῦ
228 2193 420 2300 πράγματος
435 2191 541 2299 αὐτὸν
553 2192 680 2280 δρόμον
695 2192 913 2299 εἰσελαύνετε.
942 2200 1000 2260 lam
1011 2199 1059 2259 illa
1076 2217 1154 2297 oonp-

148 2284 258 2344 modius
276 2287 462 2364 pressiusque
485 2276 528 2344 σύ
547 2279 584 2344 66
602 2274 843 2380 ἑληοποιεϊς,”
822 2303 843 2360 η
863 2274 1132 2380 συλλαβόντες
1108 2302 1155 2354 ως

150 2359 277 2446 ληστην
294 2369 363 2428 τῶν
381 2361 585 2446 πραγμάτων
602 2357 658 2426 διά
674 2366 733 2442 669
749 2363 916 2435 πολιτείας
933 2361 1093 2441 πλέοντα,
1121 2375 1194 2431 etat

107 2457 140 2511 13
148 2448 223 2510 aba?
237 2451 371 2528 Expecto
386 2460 417 2510 ut
431 2450 568 2527 quaedam
577 2467 615 2508 ex
623 2448 676 2506 hao
687 2447 818 2561 epistula,
834 2455 864 2504 ut
875 2444 946 2507 illud
958 2445 1153 2522 gubernacu-

146 2533 174 2592 la
188 2541 316 2609 gemunt’
339 2543 369 2592 et
390 2532 445 2590 ‘dis
459 2534 542 2589 maris
552 2531 727 2608 proximus',
747 2528 839 2587 isdem
853 2531 928 2590 notis
945 2530 1048 2608 quibus
1065 2546 1100 2588 ea
1115 2529 1154 2590 de

147 2616 249 2693 quibua
266 2613 362 2673 scribo
378 2612 533 2673 confodias.
554 2610 696 2688 Intellego
710 2613 784 2670 eninr
798 2629 855 2688 me,
871 2612 937 2671 dunt
951 2614 1061 2671 veniam
1074 2615 1153 2690 prio-

145 2696 224 2756 ribus
241 2706 325 2774 peto,
340 2698 368 2754 in
379 2695 428 2755 illa
443 2697 506 2771 ipsa
521 2713 593 2772 quae
604 2694 789 2755 adnotaveras
803 2696 948 2757 incidisse.
978 2695 1038 2755 Sed
1051 2696 1152 2756 confo-

146 2780 206 2839 dias
220 2778 303 2854 lioet‚
331 2778 396 2836 dum
415 2777 499 2838 modo
511 2780 565 2838 iam
578 2797 652 2838 nunc
668 2777 795 2840 destines
818 2778 893 2839 diem
911 2797 968 2859 quo
991 2789 1020 2838 et
1041 2778 1077 2839 de
1093 2778 1192 2853 illis30

147 2871 176 2922 et
197 2861 234 2921 de
253 2862 298 2921 his
320 2878 415 2922 eoram
429 2863 547 2939 exigere
569 2865 723 2942 possimus.
754 2863 812 2923 Aut
831 2866 905 2923 enirn
919 2873 949 2923 tu
963 2881 1009 2923 me
1024 2862 1151 2922 timidum

146 2954 193 3005 aut
209 2962 265 3022 ego
281 2955 310 3006 te
328 2947 506 3020 temerarium
521 2946 630 3007 laoiam.
662 2945 743 3007 Vale.

588 3079 704 3140 xxvtl.

418 3180 444 3231 o.
462 3179 586 3230 nunnius
604 3180 753 3231 nnsunuo
773 3180 833 3231 suo
850 3179 876 3234 s,
1157 3208 1191 3262 35

121 3294 136 3343 1
208 3284 316 3357 Quanta
332 3292 470 3363 potestas,
491 3294 592 3362 quanta
610 3283 747 3362 dignitas,
769 3294 872 3363 quanta
891 3286 1040 3360 maiestas,
1063 3302 1151 3362 quan-

146 3376 203 3425 turn
216 3369 337 3446 denique
352 3386 453 3428 numen
468 3370 504 3429 sit
517 3368 652 3428 historiae
669 3386 733 3429 oum
753 3368 918 3447 frequenter
933 3367 1000 3428 alias
1012 3378 1071 3427 turn
1083 3384 1149 3445 pro·

144 3452 220 3508 xime
236 3453 323 3511 sensi.
350 3451 530 3512 Recitaverat
546 3453 658 3543 quidam
672 3455 849 3513 verissimum
864 3451 966 3511 librum
981 3461 1149 3530 partemque
