2588 4116
458 239 723 302 PANEGYRICUS
739 251 837 306 eost.
1087 247 1150 311 273

139 393 229 452 facies
250 401 279 452 et
301 391 426 452 amabilis
445 391 539 452 vultus
559 394 586 452 in
606 394 728 453 omnium
752 395 855 454 civium
880 412 929 456 ore
952 397 1044 458 oeulis
1058 400 1148 460 animo

139 477 364 620 5εάθιξιιῐιοιιιιει
385 576 438 618 vos
463 557 569 636 credo,
597 569 694 637 patres
715 564 888 641 conscripti,
916 565 969 622 iam
985 563 1087 622 dudum
1103 560 1200 624 me56
1285 608 1289 617 .

98 680 110 699 ,-
137 662 194 703 non
215 644 325 721 eligere
347 661 419 722 quae
438 642 571 702 referam.
599 642 779 722 Propositum
800 655 845 706 est
862 648 937 705 enim
959 646 1025 706 mihi
1044 649 1148 726 prinoi-

108 741 203 805 5pem
221 726 353 804 laudare,
376 744 432 786 non
450 728 588 804 principis
604 726 686 789 laeta.
714 727 785 788 Nam
799 728 948 790 laudabilia
963 731 1049 791 multa
1066 732 1149 791 etiam

137 812 202 871 mali
218 813 340 887 faciunt,
362 813 426 889 ipse
442 808 547 869 laudari
562 811 615 870 nisi
632 813 755 890 optimus
770 829 826 872 non
846 823 954 891 potest.
982 813 1077 887 Quare
1093 833 1149 874 non

137 895 191 955 alia
206 897 310 972 maior,
326 896 480 973 imperator
494 903 632 972 auguste,
647 894 739 972 gloria
756 906 802 956 tua
816 915 898 976 quam
911 898 987 976 quod
998 899 1148 975 agentibus

137 980 188 1038 tibi
203 981 308 1056 gratias
323 978 392 1038 nihil
407 976 558 1038 velandum
574 988 636 1055 est,
650 978 718 1039 nihil
736 980 919 1041 omittendum
935 991 990 1041 est.
1014 981 1087 1054 Quid
1103 992 1148 1042 est

137 1065 212 1122 enim
227 1065 255 1122 in
271 1063 429 1140 principatu
444 1071 493 1122 tuo
508 1061 585 1140 quod
601 1065 766 1143 cuiusquam
781 1065 956 1143 praedicatio
969 1063 1017 1124 vel
1031 1067 1146 1126 transsi-

92 1146 191 1211 1olire
212 1146 259 1205 vel
279 1145 464 1223 praetervehi
487 1143 611 1206 debeat?
647 1147 731 1220 Quod
752 1156 940 1225 momentum,
966 1151 1042 1227 quod
1064 1151 1147 1209 immo

136 1230 275 1307 temporis
290 1238 426 1307 punctum
437 1238 484 1289 aut
497 1229 639 1289 beneficio
658 1231 757 1291 sterile
772 1241 818 1291 aut
833 1250 952 1291 vacuum
964 1230 1069 1292 laude?
1084 1233 1148 1293 Non

137 1315 231 1374 omnia
246 1313 398 1375 eiusmodi
413 1322 443 1372 ut
457 1314 482 1372 is
501 1313 606 1391 optime
621 1322 650 1373 te
667 1314 799 1375 laudasse
813 1314 941 1374 videatur
957 1317 1004 1393 qui
1018 1333 1147 1376 narrave-

135 1400 171 1457 rit
187 1394 374 1458 fidelissime?
396 1396 460 1470 Quo
476 1397 506 1456 iit
523 1407 553 1456 ut
568 1415 661 1475 prope
677 1400 705 1457 in
723 1400 881 1475 inmensum
895 1397 1064 1458 diffundatur
1085 1416 1146 1459 ora-

135 1485 175 1541 tio
196 1499 276 1557 mea,
304 1490 333 1540 et
354 1480 475 1541 necdum
491 1482 527 1541 de
543 1482 657 1540 biennio
672 1481 784 1560 loquor.
822 1481 912 1555 Quam
928 1481 1015 1542 multa
1034 1482 1092 1541 dixi
1112 1484 1148 1543 de

95 1574 126 1628 15
136 1565 348 1641 moderatione,
380 1573 409 1624 at
432 1575 536 1643 quanto
558 1565 639 1643 plura
661 1566 753 1643 adhuc
776 1564 899 1626 restant!
928 1565 1047 1626 utillud
1073 1567 1147 1644 quod

136 1650 292 1710 secundum
315 1648 490 1710 consulatum
509 1651 664 1728 recepisti,
688 1653 753 1728 quia
774 1653 910 1729 princeps
921 1646 955 1710 'et
969 1661 1052 1729 pater
1067 1651 1118 1710 del
1137 1685 1146 1693 -

135 1733 225 1793 rebat.
251 1733 288 1794 hc
305 1741 455 1812 postquam
470 1733 505 1793 ad
521 1742 550 1793 te
565 1735 675 1813 imperii
690 1752 824 1795 summam
841 1743 869 1794 et
885 1751 949 1793 cum
965 1737 1086 1795 omnium
1102 1754 1145 1795 re-

135 1836 196 1898 rum
209 1827 268 1877 tum
285 1820 369 1878 etiam
384 1820 424 1878 tui
439 1828 612 1897 potestatem
624 1819 663 1879 dii
680 1819 898 1895 transtulerunt,
916 1821 1145 1879 tertiumconsu-

136 1901 223 1961 latum
237 1903 397 1979 recusasti,
415 1920 478 1961 cum
488 1920 576 1979 agere
593 1912 648 1961 tam
662 1904 767 1963 bonum
783 1903 930 1963 consulem
944 1921 1059 1982 posses.
1088 1903 1146 1963 bla-

92 1996 127 2049 20
135 2003 220 2063 gnum
242 1994 288 2045 est
302 1985 417 2044 differre
432 1984 587 2061 honorem,
612 1985 732 2062 gloriam
747 1988 845 2046 maius.
882 1984 1000 2046 Gestum
1017 1988 1146 2047 consula-

133 2080 193 2130 tum
209 2070 295 2127 mirer
316 2086 350 2127 an
371 2085 427 2126 uon
441 2065 612 2145 receptum?
639 2077 751 2145 gestum
767 2071 865 2128 nonin
879 2068 935 2128 hoo
951 2071 1029 2129 urbis
1045 2072 1102 2130 otio
1118 2080 1147 2129 et
1195 2110 1197 2115 -
1282 2074 1285 2079 '

135 2155 231 2212 intimo
253 2153 316 2211 sinu
334 2152 430 2228 pacis,
453 2151 506 2210 sed
521 2154 597 2210 iuxta
611 2151 744 2212 barbaras
759 2160 882 2228 gentes,
900 2161 930 2211 ut
952 2153 993 2211 illi
1016 2154 1146 2213 solebant

136 2237 239 2316 quibus
261 2245 321 2294 erat
340 2236 426 2294 moris
447 2234 647 2313 paludamento
664 2229 771 2294 mutare
785 2239 962 2314 praetextam
977 2239 1145 2313 ignotasque

134 2331 226 2381 terras
242 2320 362 2379 victoria
377 2321 470 2397 sequi.
500 2318 650 2378 Pulchrum
665 2320 801 2397 imperio,
823 2317 981 2395 gloriosum
995 2321 1063 2396 tibi,
1083 2338 1146 2379 cum

92 2415 125 2468 25
135 2416 165 2465 te
180 2405 252 2465 socii
262 2413 352 2483 atque
365 2405 446 2463 amici
459 2421 509 2461 sua
525 2406 552 2462 in
564 2406 670 2481 patria,
686 2405 746 2464 suis
763 2402 918 2464 insedibus
935 2403 1071 2463 adierunt.
1088 2403 1146 2463 De-

136 2507 204 2549 cora
220 2489 327 2563 facies,
347 2487 474 2547 consulis
491 2486 578 2547 multa
593 2496 661 2566 post
676 2487 792 2547 saecula
804 2485 925 2548 tribunal
938 2487 1019 2547 viridi
1033 2489 1145 2566 cespite

135 2582 295 2633 extructum
316 2590 371 2631 nec
392 2572 510 2633 fascium
533 2580 638 2632 tantum
656 2571 709 2632 sed
729 2570 852 2651 pilorum
875 2573 1077 2650 signorumque
1095 2572 1145 2630 ho·

134 2674 205 2716 nore
231 2655 441 2715 circumdatum.
476 2656 627 2733 Augebaut
644 2657 818 2716 maiestatem
834 2655 1024 2734 praesidentis
1039 2657 1144 2717 diversi

134 2738 339 2819 postulantium
353 2739 464 2799 habitus
480 2758 514 2798 ae
529 2740 661 2799 dissonae
676 2757 765 2800 voces
778 2758 897 2817 raraque
914 2743 975 2801 sine
988 2742 1145 2818 interprete
1194 2759 1199 2765 ·

88 2826 239 2890 booratio.
266 2821 447 2899 Magnificum
468 2833 513 2883 est
535 2824 645 2883 civibus
666 2825 743 2901 iura,
767 2823 835 2903 quid
855 2824 986 2886 hostibus
1001 2821 1145 2885 reddere?

135 2909 303 2987 speciosum
321 2917 427 2966 certam
443 2906 497 2966 lori
513 2926 631 2986 pacem,
649 2909 716 2986 quid
730 2911 857 2969 inmanes
876 2926 992 2987 campos
1009 2908 1081 2968 sella
1097 2927 1144 2968 ou·

133 2993 189 3052 ruli
212 2993 399 3069 victorisque·
417 2993 541 3069 vestigio
564 3009 713 3070 premere,
739 2994 876 3052 inminere
898 2992 1054 3052 minacibus
1075 2994 1144 3069 ripis

133 3085 225 3137 tutum
246 3078 448 3154 quietumque,
474 3094 612 3154 spernere
634 3077 769 3137 barbaros
785 3076 931 3152 fremitus,
951 3074 1143 3151 hostilemque

134 3171 275 3221 terrorem
290 3178 347 3219 non
363 3176 502 3218 armorum
517 3162 608 3236 magis
624 3179 706 3240 quam
724 3170 852 3238 togarum
868 3159 1058 3218 ostentatione
1077 3171 1146 3216 eon*

88 3252 125 3308 35
137 3241 282 3324 pescere?
305 3243 404 3321 ltaque
420 3262 476 3304 non
489 3253 518 3303 te
536 3245 610 3321 apud
624 3246 780 3322 imagines,
796 3241 848 3304 sed
859 3243 953 3318 ipsum
964 3250 1144 3319 praesentem

135 3329 355 3406 audientemque
371 3328 583 3389 consalutabant
597 3330 807 3408 imperatorem,
822 3343 993 3402 nomenque,
1011 3324 1086 3405 quod
1099 3324 1144 3384 alii
1160 3389 1161 3393 Ἰ

135 3411 248 3473 clomitis
263 3413 412 3489 hostibus,
428 3422 458 3472 tu
474 3415 644 3490 contemptis
659 3412 816 3471 merebare.

198 3495 276 3555 Haec
292 3496 353 3557 lau's
369 3498 424 3557 aeti
440 3496 617 3564 consulatus;
634 3495 683 3556 illa
695 3494 769 3555 dilati
782 3494 858 3573 quod
869 3492 960 3554 adhuc
973 3495 1052 3554 initio
1067 3496 1142 3573 prin·
1155 3488 1194 3553 57

179 3585 252 3637 Pcrm
266 3585 315 3638 Er.
796 3616 800 3622 -
908 3577 948 3640 18
