2588 4116
344 172 607 235 EPISTULARUM
616 171 708 232 Vllll.
728 181 754 235 3.
767 183 792 234 4.
806 186 831 235 5.
844 183 871 237 6.
883 182 908 236 l.
1070 172 1130 236 177

613 323 646 382 V.

425 421 451 471 C.
468 420 592 472 PLINIUS
607 421 716 471 TIRONI
734 420 793 472 SUO
813 420 840 475 S.

188 524 316 602 Egregie
332 524 404 585 lacis
420 525 548 603 (inquiro
563 525 665 602 enim),
682 534 711 583 et
724 542 892 602 persevera,
908 525 985 602 quod
999 526 1129 586 iustitiam
1142 540 1155 591 l

124 619 201 668 tuam
216 607 437 688 provincialibus
447 607 535 668 multa
548 607 719 667 humanitate
736 607 932 677 commendam
954 609 1033 668 cuius
1048 627 1130 687 prae·

96 693 211 771 ficipua
227 709 293 771 pars
314 701 359 751 est
379 691 608 751 honestissimum
627 707 769 769 quemque
792 689 936 769 conplecti
951 691 1043 770 adque
1063 693 1131 752 itaa

124 775 280 836 minoribus
300 777 385 835 amari
399 784 429 834 ut
444 773 557 835 simula
576 775 750 854 principibus
770 772 898 850 diligere.
931 773 1066 853 Plerique
1082 786 1156 837 aua

125 869 200 935 tem,
219 858 285 919 dum
302 866 437 918 verentur
450 877 487 918 ue
508 860 617 935 gratiae
634 859 791 936 potentium
809 859 922 917 nimium
936 859 1075 936 inpertire
1089 860 1130 917 vi·

125 941 262 1020 deantur,
285 943 473 1002 sinisteritatis
489 941 582 1021 adque
601 943 685 1002 etiam
704 939 884 1018 malignitatis
906 941 1007 1002 lamam
1028 958 1130 1001 conse·

125 1035 257 1103 quuntur.
287 1026 385 1103 Aquo
399 1026 469 1086 vitio
483 1034 513 1084 tu
527 1024 614 1103 longe
630 1026 795 1085 recessisti:
812 1026 888 1093 scio;
905 1026 958 1085 sed
968 1033 1156 1103 temperares

89 1109 192 1180 lomihl'
208 1127 264 1169 non
276 1125 394 1188 possum
409 1125 465 1186 quo
482 1110 572 1169 miuus
590 1108 702 1169 laudern
722 1108 819 1169 similis
835 1111 959 1168 monenti
974 1107 1051 1186 quod
1066 1125 1130 1168 eum

124 1193 238 1252 modum
258 1202 341 1252 tenes
365 1201 395 1252 ut
417 1190 575 1252 discrimina
591 1192 718 1252 ordinum
732 1193 953 1270 dignitatumque
970 1191 1129 1259 custodiam

125 1295 199 1354 quae
219 1277 244 1335 si
263 1275 382 1336 confusa
404 1274 515 1336 turbata
530 1276 668 1354 permixta
682 1282 764 1350 sunt,
781 1273 852 1333 nihil
868 1283 913 1334 est
929 1276 992 1353 ipsa
1007 1274 1130 1353 aequali·

124 1359 183 1419 tate
199 1359 382 1437 inaequalius.
416 1358 496 1417 Vale.

601 1454 649 1513 Vl.

88 1558 116 1612 15
397 1555 424 1606 Ο.
444 1553 569 1605 PLlNlUS
586 1552 733 1604 CALVlSIO
753 1553 813 1604 SUO
831 1553 858 1603 S.

189 1656 277 1715 Omne
291 1655 348 1716 hoc
363 1664 475 1734 tempus
492 1658 564 1716 inter
577 1655 734 1734 pugillares
751 1675 785 1716 ac
800 1654 916 1716 libellos
932 1653 1155 1714 iucundissimal

127 1741 224 1819 quiete
245 1742 394 1800 transmisi.
419 1739 685 1813 ‘Quemadmodum'
707 1743 800 1818 inquis
823 1742 862 1798 ‘in
883 1738 953 1798 urbe
975 1735 1130 1815 potuisti‘l’

127 1822 280 1883 Circenses
302 1832 395 1900 erant,
418 1841 474 1903 quo
494 1842 602 1901 genere
621 1823 779 1902 spectaculi
799 1841 835 1882 ne
857 1823 1004 1883 levissime
1019 1820 1131 1899 quidem

126 1917 236 1967 teneor.
264 1906 340 1965 Nihil
354 1924 474 1984 novum,
489 1906 556 1966 nihil
571 1909 694 1983 varium,
711 1906 778 1965 nihil
794 1906 872 1984 quod
886 1923 943 1965 non
957 1904 1047 1965 semel
1064 1923 1130 1984 spe·

88 2000 223 2057 sectasse
240 1988 372 2050 sufficiat.
407 1988 470 2062 Quo
491 1991 580 2066 magis
602 1991 688 2048 miror
708 1997 750 2048 tot
763 1989 838 2048 milia
853 1990 976 2048 virorum
990 1999 1046 2048 tarn
1061 1994 1157 2065 pue-2

126 2075 218 2134 riliter
231 2071 384 2131 identidem
400 2087 509 2149 cupere
526 2082 673 2132 currentes
694 2087 805 2149 equos,
821 2072 986 2130 insistentes
1003 2071 1132 2129 curribus

125 2158 255 2217 homines
270 2154 377 2214 videre.
401 2155 432 2212 Si
444 2162 536 2213 tamen
547 2164 593 2213 aut
607 2153 761 2214 velocitate
777 2170 915 2233 equorum
929 2162 976 2212 aut
990 2152 1132 2211 hominum

126 2249 187 2300 arte
209 2238 403 2315 traherentur,
427 2247 505 2298 esset
531 2238 602 2296 ratio
625 2236 793 2297 nonnulla:
820 2253 894 2295 nuno
915 2235 1011 2294 lavent
1026 2251 1130 2312 panno,

127 2340 248 2402 pannum
263 2331 364 2396 amant,
381 2330 409 2381 et
423 2322 447 2380 si
463 2322 490 2380 in
505 2323 569 2399 ipso
583 2338 667 2381 cursu
681 2320 834 2398 medioque
851 2320 1004 2379 certamine
1020 2316 1067 2377 hic
1083 2335 1131 2376 co·

88 2406 272 2484 2510rilluc,
289 2404 338 2466 ille
357 2405 414 2465 huc
429 2404 627 2480 transferatur,
650 2402 772 2464 studium
786 2402 924 2481 latorque
946 2401 1085 2478 transibit,
1103 2409 1133 2460 et

129 2499 250 2570 repente
267 2491 420 2567 agitatores
440 2488 522 2565 illos,
550 2504 641 2567 equos
662 2486 745 2564 illos,
770 2503 843 2565 quos
864 2485 965 2565 procul
980 2486 1131 2561 noscitant,

130 2591 250 2653 quorum
267 2573 407 2632 clamitant
420 2575 547 2648 nomina,
563 2571 733 2650 relinquent.
767 2569 854 2630 Tanta
868 2572 973 2648 gratia,
997 2578 1072 2629 tanta
1086 2588 1132 2628 au·

130 2658 248 2716 ctoritas
259 2658 287 2714 in
298 2673 352 2716 una
365 2654 500 2715 uilissima
518 2657 621 2733 tunica,
637 2657 716 2716 mitto
732 2653 807 2732 apud
822 2653 944 2732 vulgus,
962 2653 1039 2732 quod
1049 2652 1159 2712 vilius3

129 2741 242 2813 tunica,
265 2737 317 2798 sed
331 2737 405 2817 apud
418 2738 553 2818 quosdam
567 2756 671 2816 graves
682 2738 827 2808 homines;
845 2754 919 2817 quos
934 2754 990 2815 ego
1010 2756 1073 2797 cunr
1088 2754 1133 2796 re·

87 2822 236 2890 accordor
254 2823 282 2879 in
303 2839 336 2881 re
354 2822 426 2880 inani
453 2820 554 2899 frigida
579 2821 694 2883 adsidua
713 2830 769 2881 tam
782 2821 977 2883 insatiabiliter
989 2821 1132 2896 desidere,

131 2907 214 2985 capio
235 2904 355 2984 aliquam
368 2904 560 2982 voluptatem,
574 2906 649 2984 quod
659 2905 713 2967 hac
725 2905 873 2984 voluptate
887 2923 943 2966 non
960 2908 1067 2984 capior.
1090 2904 1163 2963 hcl

130 3008 184 3069 per
199 2990 251 3050 hos
268 2989 329 3050 dies
341 2988 528 3049 libentissime
544 2989 634 3049 otium
642 3007 736 3049 meum
750 2991 779 3048 in
794 2989 896 3050 litteris
910 2988 1043 3065 conloco,
1060 3004 1133 3066 quos

130 3074 178 3134 alii
194 3073 373 3134 otiosissimis
389 3073 625 3151 occupationibus
640 3073 771 3150 perdunt.
800 3072 883 3132 Vale.

602 3205 665 3265 Vll.

407 3304 434 3354 e.
451 3304 577 3356 rnrnrus
596 3304 730 3356 nomano
748 3303 808 3355 suo
826 3303 852 3353 e.

194 3408 355 3468 Aedificare
370 3417 400 3466 te
418 3407 532 3469 scribis.
551 3406 629 3468 Bene
646 3417 706 3467 est:
728 3406 822 3465 inveni
838 3403 1039 3549 patrocpqium
1060 3402 1162 3467 aedi-1

174 3497 247 3549 Purur
266 3496 314 3550 Er.

87 3252 121 3307 35
