2588 4116
212 245 255 310 84
644 241 678 303 G.
699 241 796 303 PllNl

214 395 312 477 pluml
337 398 447 477 quando
462 413 599 458 secessus
614 396 670 455 mei
684 410 741 455 non
756 393 882 454 desidiae
898 409 1002 452 nomen
1016 391 1070 453 sed
1085 391 1219 469 tranquil·

213 483 298 544 litatis
314 477 477 562 accipient?
509 478 590 543 Vale.

215 630 313 717 pff
657 607 776 671 XXllll.

430 712 458 769 G.
478 710 602 763 PLINIUS
619 712 714 762 Fnssto
734 709 875 761 VALENTI
896 708 956 760 SUO
976 709 1002 761 S.
1230 739 1247 790 5

189 832 205 885 1
278 814 408 874 Proxime
429 829 492 872 oum
515 811 590 890 apud
611 813 803 872 centumviros
823 812 851 869 in
868 808 1045 888 quadruplici
1060 809 1165 870 iudicio
1181 809 1221 869 di·

213 901 338 973 xissem,
357 896 442 956 subiit
456 895 617 955 recordatio
629 896 726 972 egisse
741 913 787 955 me
801 896 933 954 iuvenem
948 912 1041 972 aeque
1057 896 1084 952 in
1101 893 1221 972 quadru-

190 981 291 1061 oplici.
314 980 460 1041 Processit
472 981 591 1056 animus,
607 989 637 1038 ut
648 979 735 1057 solet,
752 978 881 1056 longine:
898 979 983 1056 coepi
997 987 1131 1056 reputare
1148 994 1220 1054 quos

216 1068 243 1124 in
257 1064 314 1125 lroc
328 1063 449 1140 iudicio,
476 1080 549 1141 quos
570 1065 598 1122 in
619 1062 669 1122 illo
692 1065 788 1124 socios
807 1062 913 1122 laboris
928 1061 1100 1121 habuissem.
1134 1061 1220 1121 Solus

216 1167 294 1209 eram
309 1150 357 1226 qui
372 1150 399 1208 in
414 1157 536 1227 utroque
551 1147 703 1208 dixissem:
726 1156 816 1207 tantas
832 1147 1038 1206 conversiones
1053 1154 1099 1204 aut
1116 1145 1221 1222 fragili·
1231 1161 1264 1212 10

79 1266 82 1273 ·
188 1242 258 1300 3tas
273 1232 450 1292 mortalitatis
467 1241 514 1292 aut
528 1230 657 1291 fortunae
672 1231 813 1291 mobilitas
830 1229 906 1290 facit.
927 1228 1047 1301 Quidam
1062 1248 1099 1289 ex
1114 1228 1158 1289 iris
1174 1231 1222 1307 qui

214 1327 281 1377 tnnc
297 1326 415 1394 egerant
431 1317 636 1392 decesserunt,
651 1314 767 1377 exulant
780 1314 844 1392 alii,
866 1313 931 1373 huic
947 1322 1025 1373 aetas
1041 1323 1070 1372 et
1086 1311 1221 1372 valetudo

215 1400 358 1461 silentium
372 1403 472 1476 suasit,
489 1401 535 1460 hio
551 1409 654 1477 sponte
669 1400 832 1460 beatissimo
848 1399 906 1458 otio
922 1397 1033 1473 fruitur,
1049 1396 1121 1458 alius
1138 1415 1221 1456 exer·

217 1488 303 1545 citum
320 1487 410 1561 regit,
433 1482 511 1542 illum
528 1482 658 1543 civilibus
680 1483 782 1544 officiis
803 1483 940 1562 principis
961 1482 1082 1541 amicitia
1105 1483 1220 1540 exemit.

192 1566 300 1632 tctrca
317 1584 370 1626 nos
384 1569 465 1645 ipsos
478 1584 560 1644 quam
574 1565 660 1626 multa
674 1576 777 1627 mutata
794 1569 871 1634 sunt!
895 1565 1000 1625 Studiis
1015 1567 1221 1644 processimus,
1232 1573 1262 1626 15

192 1652 316 1716 5studiis
331 1649 482 1729 periclitati
501 1669 615 1728 sumus,
640 1668 795 1728 rursusque
816 1651 1020 1729 processimus.
1053 1648 1223 1709 Profuerunt

216 1734 299 1794 nobis
316 1735 454 1793 bonorum
466 1735 623 1811 amicitiae,
648 1734 785 1794 bonorum
805 1734 958 1794 obfuerunt
977 1736 1136 1811 iterumque
1156 1749 1222 1811 pro·

219 1826 293 1878 sunt.
315 1817 345 1876 Si
361 1826 501 1896 conpotes
513 1833 618 1894 annos,
634 1820 768 1896 exignum
782 1827 906 1896 tempus,
919 1820 944 1878 si
958 1820 1039 1878 uices
1055 1835 1160 1893 rerum,
1175 1834 1222 1876 ae-

188 1913 280 1966 quum
295 1910 387 1979 putes.
411 1900 495 1974 Quod
510 1909 607 1980 potest
624 1920 691 1962 esse
706 1903 876 1963 documento
890 1900 957 1960 nihil
972 1901 1140 1979 desperare,
1152 1899 1222 1959 nulli

172 2014 176 2020 ⁴
214 1986 257 2044 rei
274 1985 378 2062 fidere,
399 2005 464 2046 oum
483 1987 629 2046 videamus
650 1995 698 2046 tot
707 1989 859 2047 varietates
875 1995 931 2046 tam
942 1985 1065 2046 uolubili
1081 1985 1151 2044 orbe
1168 1987 1220 2043 cir·
1231 1993 1263 2044 do

192 2071 335 2147 ioumagi.
356 2068 424 2129 Mihi
439 2081 532 2131 autem
548 2069 683 2132 familiare
704 2082 749 2132 est
764 2089 862 2132 omnes
879 2072 1068 2148 cogitationes
1083 2087 1162 2128 meas
1179 2079 1221 2128 te·

216 2172 280 2213 cum
303 2157 511 2225 communicare
537 2155 686 2234 isdemque
707 2166 735 2216 te
755 2154 803 2216 vel
825 2156 988 2235 praeceptis
1011 2152 1058 2212 vel
1081 2152 1222 2231 exemplis

214 2255 331 2299 monere
356 2242 457 2317 quibus
481 2242 546 2321 ipse
569 2258 614 2300 me
634 2258 737 2300 moneo
745 2262 752 2309 ;
785 2259 857 2318 quae
879 2241 951 2297 ratio
973 2237 1055 2295 huius
1079 2237 1223 2314 epistulae

215 2320 276 2383 fuit.
308 2321 388 2384 Vale.

675 2451 765 2511 XXV·
1233 2417 1267 2469 25

431 2551 458 2602 G.
478 2549 601 2600 PLINIUS
621 2547 737 2598 Messio
757 2546 886 2597 MAXlMO
905 2545 964 2597 SUO
982 2545 1007 2597 S.

188 2664 205 2715 l
275 2651 452 2728 Scripseram
467 2651 519 2711 tibi
534 2649 690 2711 uerendum
708 2669 775 2710 esse
795 2669 832 2710 ne
855 2668 892 2710 ex
913 2652 1007 2710 tacitis
1023 2649 1165 2728 suffragiis
1184 2655 1224 2712 vi-

214 2736 282 2795 tium
297 2734 411 2812 aliquod
427 2737 576 2795 existeret.
600 2733 716 2795 Factum
732 2744 785 2796 est.
817 2733 955 2795 Proximis
979 2737 1099 2795 comitiis
1119 2737 1146 2793 in
1163 2740 1223 2814 qui·

215 2817 332 2877 busdam
348 2817 461 2879 tabellis
477 2818 562 2879 multa
576 2818 711 2879 iocularia
724 2829 810 2899 atque
825 2822 909 2880 etiam
925 2819 1010 2879 foeda
1025 2820 1113 2896 dictu,
1129 2822 1156 2878 in
1168 2825 1267 2881 una30

213 2919 284 2961 uero
299 2919 351 2980 pro
367 2902 576 2963 candidatorum
588 2904 746 2963 nominibus
758 2903 975 2982 suffragatorum
986 2905 1098 2964 nomina
1109 2906 1223 2965 inventa

190 2996 287 3048 2suot.
319 2985 478 3047 Excanduit
496 2998 611 3049 senatus
628 3006 787 3066 magnoque
804 2988 928 3048 clamore
943 2990 970 3049 ei
987 2990 1035 3068 qui
1056 2991 1223 3067 scripsisset

214 3073 313 3132 iratum
334 3073 493 3150 principem
513 3082 558 3132 est
579 3082 787 3152 comprecatus.
818 3071 873 3134 llle
891 3082 985 3134 tamen
1008 3072 1113 3132 fefellit
1133 3082 1162 3132 et
1182 3073 1223 3134 la·

189 3157 278 3232 atuit,
292 3154 415 3217 fortasse
432 3157 516 3217 etiam
530 3158 604 3217 inter
618 3157 796 3235 indignantes
817 3156 879 3218 fuit.
912 3157 986 3231 Quid
1000 3156 1075 3216 lrnrrc
1092 3167 1222 3235 putamus

214 3240 289 3300 domi
302 3243 409 3318 lacere,
426 3242 517 3320 quiin
536 3251 611 3302 tanta
632 3260 664 3302 re
679 3251 734 3301 tam
748 3243 825 3303 serio
843 3251 1044 3321 temporetam
1065 3242 1223 3302 scurriliter
1231 3250 1266 3304 35

214 3323 302 3401 ludat,
317 3326 364 3402 qui
380 3325 502 3404 denique
520 3328 632 3386 omnino
647 3328 675 3385 in
690 3336 790 3387 senatu
805 3326 888 3387 dicax
900 3337 929 3387 et
944 3327 1067 3386 urbanus
1083 3335 1112 3386 et
1128 3325 1222 3386 bellus

191 3405 282 3468 lest?
307 3407 424 3468 Tantum
447 3409 581 3471 licentiae
602 3412 696 3490 pravis
717 3412 838 3488 ingeniis
856 3411 941 3471 adicit
960 3410 1008 3470 illa
1031 3410 1131 3470 fiducia
1146 3412 1222 3488 ‘quis

215 3492 288 3551 enirn
304 3489 416 3552 sciet‘l'
432 3492 569 3573 Poposcit
584 3493 733 3573 tabellam,
748 3495 843 3556 stilum
854 3496 979 3574 accepit,
997 3494 1109 3555 demisit
1124 3503 1220 3575 caput,
