2588 4116
452 245 712 307 mPlSTULAlthl
726 246 761 306 ll.
780 258 807 310 3.
819 258 844 310 4.
1111 252 1152 314 25

146 397 246 458 ultimo
257 405 394 458 terraram
406 396 476 457 orbe
488 399 603 458 venisse
616 399 765 476 statimque
776 408 806 459 ut
818 399 927 462 viderat
936 398 1053 462 abisse?
1063 392 1152 482 Ἀφι-

146 475 311 558 λόκαλον,
330 479 528 558 inlitteratum,
546 483 640 558 iners,
658 499 692 540 ac
713 500 805 560 paene
822 484 906 543 etiam
926 492 1009 563 turpe
1031 493 1076 545 est
1096 504 1153 546 nou

147 573 248 644 putare
263 565 331 624 tanti
347 564 556 642 cognitionem,
583 583 637 642 qua
651 563 729 625 nulla
744 576 789 626 est
810 566 973 645 iucundior,
999 566 1076 628 nulla
1090 570 1152 648 pul·

150 646 256 725 chrior,
271 647 347 707 nulla
364 648 486 726 denique
500 646 652 708 humanior.
678 646 767 710 Dices
785 648 890 709 ‘habeo
904 649 952 709 hic
971 666 1043 727 quos
1057 649 1180 729 legamo

123 736 206 791 bnon
218 734 308 792 minus
323 731 469 793 disertos!
499 729 604 792 Etiam:
627 730 679 791 sed
699 731 813 809 legendi
834 751 950 812 semper
966 735 1081 793 occasio
1097 744 1152 813 est,

147 814 279 875 audiendi
293 833 349 876 uon
364 832 487 893 semper.
508 815 659 876 Praeterea
670 815 758 877 multo
772 818 873 895 magis,
890 826 919 877 ut
933 815 1022 894 vulgo
1040 817 1153 896 dicitur,

146 900 213 958 viva
228 916 286 959 vox
300 899 402 960 adlicit.
435 897 506 959 Nam
522 899 591 960 licet
603 899 713 959 acriora
728 902 782 961 sint
798 918 870 978 quae
886 900 986 978 legas,
1013 900 1097 961 altius
1113 911 1154 961 ta·

147 999 214 1041 meu
227 983 358 1044 inanimo
372 983 475 1044 sedent
490 1000 561 1060 quae
578 984 777 1062 pronuntiatio,
790 983 896 1061 vultus,
913 983 1036 1061 babitus,
1052 995 1153 1063 gestus

148 1067 234 1124 etiam
246 1066 365 1128 dicentis
377 1067 488 1143 adligit;
504 1068 557 1125 nisi
569 1084 639 1126 vero
654 1065 755 1127 lalsum
767 1077 896 1146 putamus
908 1067 978 1126 illud
989 1067 1152 1146 Aeschinis,
1163 1081 1199 1133 lo

105 1151 199 1227 loqui
215 1168 280 1210 cum
293 1149 416 1228 legisset
429 1148 548 1210 Rhodiis
567 1152 722 1210 omtionem
736 1149 938 1212 Demosthenis
955 1150 1153 1212 adrnirantibus

151 1236 274 1311 cunctis,
295 1232 438 1294 adiecisse
453 1232 543 1293 fertur
557 1232 590 1290 τί
602 1227 656 1310 dl,
673 1232 702 1291 el
716 1223 821 1293 αὐτοῦ
836 1234 898 1292 τοῦ
912 1233 1036 1309 θηρίου
1047 1226 1154 1312 ἠκού-

150 1326 244 1384 σατε;
261 1324 290 1375 et
308 1324 368 1375 erat
383 1314 562 1390 Aeschines,
585 1317 608 1374 si
622 1312 809 1374 Demostheni
825 1315 982 1388 credimus,
1003 1316 1155 1393 λαμπρο-

150 1391 357 1475 φωνότατος.
385 1396 538 1457 Fatebatur
557 1405 651 1456 tamen
670 1395 757 1473 louge
779 1396 880 1458 melius
902 1396 1001 1457 eadem
1021 1396 1069 1456 illa
1089 1415 1154 1476 pro-

149 1481 297 1541 nuntiasse
313 1484 406 1558 ipsum
421 1483 468 1558 qui
483 1489 644 1558 pepererat.
667 1478 746 1553 Quae
761 1483 852 1541 omnia
863 1480 919 1540 buc
930 1480 1048 1541 tendunt
1059 1491 1089 1541 ut
1106 1500 1153 1540 aa·
1164 1493 1195 1544 lt

105 1566 140 1618 15
151 1563 211 1623 dias
229 1563 350 1642 Isaeum,
366 1563 414 1624 vel
430 1564 495 1623 ideo
510 1572 615 1624 tantum
631 1573 662 1623 ut
677 1563 809 1625 audieris.
840 1563 921 1624 Vale.

619 1694 684 1754 1111.

367 1852 374 1865 ,
402 1794 428 1844 o.
448 1794 572 1845 PLttttth
591 1794 755 1845 onuvrmnu
774 1793 858 1844 sunu
878 1791 903 1842 s.

212 1896 242 1956 Si
259 1895 386 1974 pluribus
403 1905 484 1972 pater
506 1905 571 1955 tuus
592 1895 639 1956 vel
661 1897 708 1954 uni
727 1894 843 1955 cuilibet
863 1891 909 1954 alii
928 1911 1010 1971 quam
1023 1893 1088 1953 mihi
1106 1894 1177 1962 de·1

106 1979 271 2055 tabuisset,
283 1979 386 2039 fuisset
397 1978 520 2038 fortasse
533 1977 712 2037 dubitandum
723 1997 757 2037 au
769 1977 862 2037 adires
874 1975 1060 2037 hereditatem
1072 1979 1155 2037 etiam

148 2063 211 2120 viro
229 2079 356 2137 gravem.
388 2058 459 2119 Cum
473 2077 544 2118 vero
560 2077 615 2135 ego
632 2060 732 2119 ductus
750 2059 899 2118 adfinitatis
917 2058 1013 2118 cilicio
1032 2058 1182 2127 dimissisn

149 2143 281 2204 omuibus
306 2142 373 2217 qui,
398 2158 455 2199 non
474 2140 538 2198 dico
556 2141 755 2216 molestiores,
781 2140 834 2200 sed
854 2139 1049 2214 diligentiores
1075 2152 1154 2200 erant

150 2226 279 2286 creditor
304 2222 384 2283 solus
414 2223 590 2298 exstiterim,
624 2238 744 2298 cumque
768 2237 824 2296 ego
846 2220 961 2278 nubenti
983 2221 1033 2278 tibi
1055 2223 1083 2278 in
1106 2223 1155 2280 do·

149 2320 208 2371 tem
225 2302 339 2368 centum
358 2305 432 2365 milia
452 2303 620 2366 contulerim
636 2313 751 2383 praeter
767 2321 828 2362 eam
849 2319 983 2362 summam
1003 2319 1086 2379 quam
1106 2321 1155 2381 pa-

62 2412 65 2416 ·
104 2401 194 2458 aster
208 2401 273 2452 tuus
292 2391 371 2468 quasi
389 2388 425 2449 de
443 2406 508 2449 meo
525 2388 592 2448 dixit
610 2386 687 2464 (erat
702 2389 775 2447 enim
790 2383 928 2450 solvenda
944 2384 980 2444 de
994 2383 1087 2462 meo),
1100 2402 1156 2444 ma·

150 2493 236 2552 gnum
249 2474 338 2534 habes
351 2471 493 2533 facilitatis
509 2490 589 2531 meae
606 2474 721 2549 pignus,
741 2472 820 2530 cuius
836 2469 937 2529 fiducia
953 2467 1043 2528 debes
1055 2466 1155 2527 lamam

150 2558 277 2618 defuncti
294 2555 487 2635 pudoremque
509 2556 674 2632 suscipere;
695 2552 730 2614 ad
749 2553 825 2632 qaod
845 2571 881 2613 ne
902 2561 931 2612 tc
952 2552 1048 2611 verbis
1064 2554 1154 2628 magis

150 2659 233 2720 quam
247 2640 333 2700 rebus
345 2638 454 2716 horter,
472 2637 607 2717 quidquid
622 2637 688 2697 mihi
702 2647 783 2716 pater
796 2646 861 2697 tuus
880 2635 987 2712 debuit,
1003 2644 1154 2713 acceptum

150 2725 201 2784 tibi
223 2724 283 2784 lieri
304 2722 419 2783 iubebo,
449 2721 512 2782 Nec
536 2721 674 2800 estquod
694 2722 819 2780 verearis
834 2738 871 2779 ue
889 2721 925 2779 sit
945 2717 1012 2777 mihi
1031 2735 1182 2790 onerosas

105 2809 206 2877 soista
226 2806 347 2867 donatio.
380 2804 450 2865 Sunt
471 2805 585 2884 quidem
605 2805 716 2864 omnino
738 2803 821 2864 nobis
839 2802 967 2862 modicae
989 2800 1152 2879 facultates,

151 2890 271 2967 dignitas
295 2897 476 2967 sumptuosa,
507 2888 615 2948 reditus
642 2896 762 2966 propter
783 2886 972 2946 conditionem
996 2884 1155 2962 agellorum

149 2974 250 3033 nescio
270 2974 361 3031 roiuor
374 2989 409 3031 an
430 2972 580 3032 incertior:
603 2972 655 3031 sed
673 2969 749 3048 quod
765 2979 860 3030 cessat
876 2987 913 3029 ex
930 2968 1022 3028 reditu
1038 2967 1154 3046 lrugali-

149 3064 208 3117 tate
223 3054 388 3135 suppletur,
410 3073 448 3115 ex
469 3073 523 3132 qua
537 3053 616 3114 velut
637 3054 716 3114 fonte
733 3052 888 3113 liberalitas
903 3062 1000 3112 nostra
1014 3050 1153 3117 decurrit;

76 3124 88 3175 l
150 3157 224 3218 quae
239 3147 332 3199 tamen
348 3140 386 3197 ita
401 3137 583 3216 temperanda
603 3146 648 3198 est
667 3156 703 3197 ne
719 3140 802 3197 nimia
816 3135 982 3215 profusione
998 3136 1178 3206 inarescant

105 3229 142 3284 35
150 3222 203 3283 sed
215 3220 398 3302 temperanda
408 3223 436 3280 in
447 3220 520 3299 aliis,
536 3222 686 3281 interero
703 3219 788 3280 lacile
802 3222 873 3279 ratio
890 3216 1041 3291 constabit,
1058 3215 1156 3273 etiam·

150 3307 175 3367 si
189 3305 302 3366 modum
317 3305 487 3366 excesserit.
521 3302 602 3362 Vale.
