2588 4116
429 274 693 337 EPISTULARUM
706 277 730 337 l.
750 288 777 342 8.
1090 278 1107 340 7

99 428 177 488 licile
193 436 239 487 est
256 429 388 504 optinere
404 446 440 487 ne
458 425 580 488 molesta
593 430 723 489 videatur
738 433 829 489 oratio
844 430 925 490 dese
940 441 987 491 aut
1000 431 1034 490 de
1047 434 1107 493 suis

99 507 291 573 disserentis?
312 510 382 569 Nam
398 528 460 569 cum
478 512 534 588 ipsi
549 510 693 572 honestati
708 522 765 573 tum
780 513 923 592 aliquanto
936 517 1026 591 magis
1044 515 1107 592 glo·

99 598 159 655 riae
184 596 248 654 eius
268 594 532 672 praedicationique
553 594 713 657 invidemus
731 606 817 674 atque
836 613 870 656 ea
894 596 1006 656 demum
1027 608 1107 659 recte

99 678 174 738 facta
195 679 287 738 minus
308 677 513 756 detorquemus
538 686 568 736 et
590 681 732 757 carpimus
755 698 829 757 quae
845 681 873 738 in
889 680 1064 741 obscuritate
1079 691 1109 740 et

76 762 220 822 5silentio
232 771 418 838 reponuntur.
439 759 502 833 Qua
517 779 554 821 ex
569 780 653 822 causa
668 780 757 841 saepe
768 765 966 841 ipsemecum,
985 764 1131 826 nobisne't

99 853 218 920 tantum,
235 844 371 922 quidquid
384 852 430 904 est
445 845 532 921 istud,
549 848 740 923 conposuisse
756 865 790 906 an
807 856 836 906 et
851 844 915 907 aliis
930 844 1107 907 debeamus?

27 958 40 987 ι.
98 927 137 987 Ut
151 928 247 1002 nobis,
263 927 396 987 admonet
411 926 493 1004 illud,
513 929 590 1006 quod
604 928 743 1008 pleraque
759 938 909 1008 quaesunt
924 930 1052 1007 agendae
1063 932 1106 990 rei

98 1013 264 1071 necessaria
285 1010 386 1071 eadem
409 1021 525 1089 peracta
545 1030 599 1072 nec
621 1011 770 1073 utilitatem
794 1031 891 1092 parem
912 1031 968 1073 nec
989 1015 1107 1090 gratiam

99 1096 233 1155 retinent.
266 1093 310 1152 Ac
330 1113 367 1153 ne
383 1093 499 1172 longius
517 1095 648 1174 exempla
663 1106 844 1174 repetamus,
859 1097 926 1175 quid
940 1097 1038 1157 utilius
1053 1098 1130 1161 luit&
1146 1162 1149 1167 Α

58 1190 92 1243 ιο
100 1178 412 1255 quammuniiicentiae
433 1181 573 1238 rationem
594 1181 679 1239 etiam
701 1179 768 1241 stilo
792 1177 951 1258 prosequi?
974 1180 1029 1240 Per
1049 1180 1106 1241 boc

100 1263 176 1320 enim
190 1260 435 1337 adsequebamur,
456 1263 577 1338 primum
591 1271 622 1321 ut
636 1261 765 1322 honestis
781 1264 1003 1339 cogitationibus
1019 1265 1106 1323 inmo·

99 1361 244 1418 raremur,
270 1342 372 1402 deinde
395 1352 426 1402 ut
448 1342 687 1420 pulchritudinem
703 1344 814 1403 illarum
835 1344 967 1420 longiore
988 1353 1107 1404 tractatu

100 1426 336 1504 pervideremus,
356 1435 502 1502 postremo
518 1435 548 1486 ut
564 1427 673 1487 subitae
688 1426 848 1505 largitionis
864 1429 997 1486 comitem
1012 1430 1107 1505 paeni-

100 1511 217 1570 tentiam
241 1526 417 1569 caveremus.
450 1507 629 1570 Nascebatur
650 1529 687 1571 ex
708 1511 753 1572 bis
778 1512 947 1572 exercitatio
971 1510 1109 1589 quaedam

57 1601 91 1655 15
100 1592 326 1653 contemnendae
348 1595 499 1670 pecuniae.
528 1593 598 1654 Nam
617 1612 680 1653 curn
698 1613 798 1657 omnes
812 1596 943 1656 homines
960 1595 995 1655 ad
1011 1605 1131 1660 custo-9

100 1677 174 1736 diam
193 1677 256 1736 eius
272 1685 369 1736 natura
390 1679 587 1755 restrinxerit,
612 1694 666 1739 nos
682 1689 780 1739 contra
794 1679 911 1739 multum
925 1698 959 1740 ac
973 1679 1020 1740 diu
1036 1696 1106 1756 pen·

100 1763 201 1820 sitatus
217 1777 296 1819 amor
311 1758 488 1822 liberalitatis
505 1763 700 1823 communibus
715 1764 846 1824 avaritiae
859 1762 983 1824 vinculis
999 1765 1105 1823 exime-

100 1844 164 1920 bat,
191 1852 327 1921 tantoque
350 1843 519 1904 laudabilior
540 1847 733 1907 munificentia
748 1857 844 1908 nostra
864 1847 928 1907 fore
944 1846 1105 1925 videbatur,
1185 1869 1187 1874 ·

99 1926 179 2004 quod
198 1926 233 1985 ad
256 1926 333 1986 illam
351 1945 408 1986 non
429 1931 536 2006 impetu
557 1930 680 2007 quodam
701 1930 754 1990 sed
772 1930 895 1991 consilio
917 1930 1105 1991 trahebamur.

10 2012 23 2076 J
53 2009 268 2070 bohccedebat
282 2009 327 2070 his
349 2013 443 2071 causis
461 2011 538 2088 quod
556 2029 612 2070 non
629 2011 714 2072 ludos
730 2024 778 2072 aut
792 2012 968 2091 gladiatores
984 2013 1036 2075 sed
1057 2032 1104 2073 an·
1115 2027 1149 2079 10

97 2110 173 2153 nuos
190 2102 321 2168 sumptus
341 2095 369 2149 in
386 2092 517 2151 alimenta
537 2095 726 2168 ingenuorum
748 2095 966 2170 pollicebamur.
999 2095 1106 2156 Oculo·

97 2193 162 2236 rum
186 2183 320 2250 porroet
340 2175 449 2231 aurium
472 2173 636 2250 voluptates
657 2175 730 2234 adeo
747 2194 804 2234 non
826 2188 914 2252 egent
928 2179 1105 2240 commenda·

74 2328 79 2333 ¹
98 2262 198 2334 tione,
221 2265 323 2316 utnon
342 2266 396 2315 tam
411 2258 520 2316 incitari
541 2256 664 2317 debeant
680 2259 808 2317 oratione
827 2276 909 2335 quam
925 2261 1056 2335 reprimi:
1075 2270 1106 2320 ut
1116 2274 1149 2325 11

97 2359 171 2402 vero
193 2339 298 2418 aliquis
319 2339 442 2399 libenter
465 2340 643 2401 educationis
663 2340 786 2400 taedium
806 2340 993 2418 laboremque
1016 2342 1107 2400 susci-

54 2427 177 2505 rapiar,
198 2440 254 2483 non
270 2425 405 2502 praemiis
424 2424 511 2483 modo
528 2427 726 2485 verumetiam
740 2426 890 2504 exquisitis
905 2425 1106 2486 adhortationi·

99 2511 153 2570 bus
175 2507 375 2586 inpetrandum
391 2517 446 2568 est.
477 2507 549 2568 Nam
566 2511 590 2570 si
610 2509 715 2568 medici
730 2509 871 2585 salubres,
889 2509 941 2570 sed
957 2508 1148 2586 voluptatem

100 2602 233 2652 carentes
248 2592 328 2652 cibos
346 2590 541 2654 blandioribus
556 2591 699 2671 adloquiis
712 2602 913 2672 prosecuntur,
930 2602 1034 2673 quanto
1048 2610 1105 2652 ma·

99 2677 146 2754 gis
157 2675 254 2735 decuit
265 2675 381 2752 publice
393 2676 592 2736 consulentem
604 2676 784 2737 utilissimum
794 2694 906 2753 munus,
916 2677 1104 2754 sednonper-

99 2758 167 2819 inde
194 2758 335 2836 populare
356 2761 487 2819 comitate
511 2761 647 2820 orationis
667 2758 826 2820 inducere?
851 2764 1020 2838 praesertim
1041 2778 1105 2819 cum
1130 2793 1135 2799 ·

55 2841 263 2911 mentiendum
279 2841 450 2902 haberemus
464 2852 495 2902 nt
512 2844 590 2922 quod
604 2845 768 2921 parentibus
781 2844 897 2905 dabatur
908 2854 937 2905 et
949 2845 1027 2904 orbis
1039 2861 1105 2922 pro·

99 2926 233 3003 baretur,
259 2925 455 3003 honoremque
477 2944 633 3004 pancorum
656 2930 746 3013 ceteri
769 2931 909 3006 patienter
925 2938 954 2988 et
970 2937 1105 3006 expecta·

99 3018 164 3069 rent
178 3018 207 3070 et
223 3018 411 3071 mererentur.
433 3009 490 3069 Sed
503 3020 534 3070 ut
548 3019 615 3070 tunc
630 3012 825 3072 communibus
839 3014 929 3089 magis
949 3012 1104 3072 commodis
1113 3022 1146 3074 13

100 3109 184 3170 quam
208 3095 335 3170 privatae
352 3095 502 3154 iactantiae
525 3093 719 3172 studebamus,
743 3113 808 3155 cum
826 3097 1012 3157 intentionem
1033 3095 1103 3154 elle·

101 3184 238 3254 ctumque
252 3179 379 3238 muneris
394 3179 484 3237 nostri
499 3176 640 3240 vellemus
654 3177 796 3256 intellegi,
812 3181 849 3238 ita
863 3196 938 3238 nuuc
952 3181 980 3236 in
995 3179 1104 3235 ratione

46 3268 91 3323 ’35
102 3259 208 3320 edendi
222 3279 355 3320 veremur
374 3279 411 3319 ne
425 3260 500 3320 forte
514 3278 571 3321 non
585 3260 704 3321 aliorum
719 3261 885 3322 utilitatibus
903 3261 955 3320 sed
970 3261 1104 3336 propriae

100 3343 176 3404 laudi
190 3345 318 3405 servisse
335 3343 490 3404 videamur.
522 3343 673 3405 Praeterea
687 3347 863 3404 meminimus
878 3351 983 3420 quanto
997 3345 1103 3403 maiore
1113 3355 1147 3407 14

100 3429 194 3486 animo
212 3426 368 3489 honestatis
385 3428 494 3488 fructus
517 3428 545 3486 in
564 3429 739 3489 conscientia
754 3444 836 3505 quam
855 3428 884 3486 in
898 3427 969 3486 iama
983 3444 1104 3504 repona-

100 3520 158 3571 tur.
179 3510 267 3589 Sequi
284 3514 357 3572 enim
373 3512 480 3590 gloria,
501 3527 558 3570 non
571 3511 667 3589 adpeti
680 3511 784 3588 debet,
809 3527 863 3570 nec
885 3513 910 3571 si
926 3528 993 3571 casu
1008 3511 1103 3591 aliquo
