2588 4116
230 241 271 305 ra
393 304 397 313 ,
656 235 689 297 o.
712 218 809 296 nurui
859 188 865 243 ²

230 391 300 451 Nam
322 395 345 451 si
367 392 422 450 hoc
443 389 613 470 opusculum
631 397 759 450 'nostrum
780 398 826 448 aut
840 389 1018 467 potissimum
1033 395 1113 448 esset
1126 397 1173 446 aut
1188 404 1231 447 so·

230 476 298 552 lum,
316 475 439 535 fortasse
457 484 558 552 posset
575 474 674 532 durum
689 474 779 532 videri
796 473 893 532 dicere
912 477 1030 549 ‘quaere
1046 471 1122 548 quod
1139 475 1235 548 agas’:

229 560 316 620 molle
336 569 364 619 et
379 559 528 618 humanum
543 568 588 617 est
600 558 700 618 ‘babes
717 557 793 634 quod
807 562 898 634 agas.2
931 555 1012 616 Vale.

702 689 764 749 XV.

503 789 529 842 C.
550 788 676 839 PLINIUS
694 787 845 839 Fuuunuo
865 787 924 838 SUO
938 785 965 839 S.
1241 729 1258 782 5

205 905 220 956 1
294 891 412 969 Siquid
436 893 564 967 omnino,
591 891 648 950 boc
672 901 751 951 certe
772 889 878 948 iudicio
907 887 982 947 facio
1007 887 1084 966 qnod
1104 887 1236 948 Asinium

230 973 333 1033 Rufum
353 974 534 1052 singulariter
550 992 621 1034 amo.
644 974 696 1034 Est
710 974 795 1033 borno
812 973 931 1031 eximius
948 981 976 1031 et
991 972 1129 1031 bonoram
1143 989 1234 1031 aman-

229 1060 365 1119 tissimus.
400 1058 458 1119 Cur
481 1061 554 1118 enim
577 1077 632 1118 non
652 1075 699 1117 me
721 1074 837 1135 quoque
859 1058 933 1114 inter
951 1056 1043 1115 bonos
1067 1053 1236 1117 numerem?

231 1140 310 1201 ldem
325 1140 490 1202 Cornelium
506 1142 632 1202 Tacitum
650 1144 721 1221 (scis
743 1158 828 1219 quem
849 1139 957 1216 virum)
974 1149 1032 1198 arta
1048 1138 1276 1207 familiaritatem

205 1225 390 1303 aconplexus
410 1236 463 1287 est.
484 1225 608 1286 Proinde
624 1228 649 1286 si
661 1235 810 1303 utrumque
825 1233 952 1283 nostrum
967 1224 1090 1301 probas,
1107 1222 1143 1283 de
1160 1222 1235 1284 Ruic

231 1327 345 1387 quoque
363 1329 486 1372 necesse
503 1320 548 1370 est
564 1310 639 1369 idem
650 1311 767 1386 sentias,
783 1327 847 1367 cum
862 1309 898 1367 sit
912 1306 946 1366 ad
963 1308 1155 1368 conectendas
1169 1311 1235 1366 ami·

204 1395 313 1460 aeltias
335 1393 382 1454 vel
407 1397 617 1455 tenacissimum
637 1393 781 1453 vinculum
797 1409 906 1452 morum
925 1391 1090 1452 similitudo.
1124 1391 1194 1451 Sunt
1207 1394 1234 1452 ei

231 1475 314 1537 liberi
333 1477 440 1556 plures.
469 1478 540 1537 Nam
555 1479 582 1537 in
596 1478 652 1537 hoc
669 1495 784 1556 quoque
802 1477 914 1536 iunctus
930 1486 976 1537 est
992 1478 1091 1555 optimi
1108 1477 1179 1535 civis
1192 1478 1233 1534 ol·

231 1561 309 1635 licio,
326 1561 401 1638 quod
416 1561 588 1620 fecunditate
604 1563 699 1621 uxoris
717 1560 797 1638 largo
814 1560 869 1620 lrni
882 1560 973 1619 voluit
988 1578 1024 1620 eo
1042 1559 1160 1620 sacculo
1178 1562 1272 1636 quoti

212 1684 214 1689 -
231 1644 378 1722 plerisque
393 1646 476 1703 etiam
488 1643 617 1720 singulos
632 1644 705 1704 lilios
720 1645 848 1704 orbitatis
861 1646 987 1722 praemla
998 1662 1101 1722 graves
1114 1644 1234 1710 iaciunt;

232 1726 333 1803 quibus
348 1725 397 1785 ille
413 1728 561 1804 despectis
581 1730 625 1786 avi
642 1734 757 1806 quoque
776 1745 881 1788 nomen
898 1727 1063 1805 adsumpsit.
1094 1726 1147 1786 Est
1162 1729 1235 1786 enim

231 1828 315 1885 avus,
329 1819 359 1868 et
374 1811 488 1887 quidem
503 1829 540 1870 ex
554 1811 666 1871 Saturio
681 1812 792 1889 Firmo,
810 1830 895 1890 quem
910 1811 1014 1889 diliges
1029 1822 1059 1871 ut
1074 1828 1146 1887 ego,
1161 1815 1186 1885 si
1203 1821 1234 1869 ut

205 1903 289 1969 lego
305 1896 423 1970 propius
438 1896 609 1972 inspexeris.
645 1895 724 1956 Haec
739 1914 775 1956 eo
790 1899 933 1976 pertinent
953 1905 984 1955 nt
999 1899 1073 1956 scias
1089 1914 1171 1973 quam
1186 1912 1233 1954 co·

232 1979 357 2054 piosam,
380 1996 462 2055 quam
482 1997 661 2040 numerosam
677 1981 789 2040 domum
809 1999 866 2042 uno
881 1981 1024 2040 beneficio
1039 1982 1079 2040 sis
1095 1979 1272 2056 obligata-bo

232 2078 296 2128 rns;
323 2061 358 2120 ad
379 2062 455 2139 quod
475 2064 629 2139 petendum
649 2075 717 2125 voto
743 2067 877 2142 primum,
905 2065 1006 2125 deinde
1023 2065 1098 2125 bouo
1115 2064 1235 2142 quodam

207 2146 326 2206 5omine
347 2145 519 2206 adducimur.
555 2148 689 2227 Optamus
706 2152 779 2209 enim
796 2151 846 2209 tibi
863 2150 1074 2227 ominamurque
1090 2150 1119 2206 in
1138 2149 1234 2226 proxi·

232 2245 307 2287 mum
321 2248 422 2289 annum
436 2232 622 2294 consulatum.
641 2233 745 2295 Itanos
759 2236 880 2293 virtutes
896 2242 972 2308 tuae,
988 2235 1025 2291 ita
1042 2231 1144 2291 iudicia
1159 2232 1234 2309 prin·

206 2315 307 2392 ticipis
325 2318 456 2393 angurari
466 2316 573 2377 volunt.
597 2315 748 2378 Concurrit
758 2325 851 2376 autem
862 2324 892 2373 nt
903 2317 940 2372 sit
950 2315 1051 2390 eodem
1064 2331 1136 2372 anno
1148 2333 1235 2393 quae·

234 2407 295 2456 stor
308 2402 443 2458 maximus
462 2418 498 2458 ex
512 2400 611 2460 liberis
625 2399 706 2476 Ruli,
722 2400 838 2458 Asinius
852 2397 974 2471 Bassus,
990 2398 1099 2453 iuuenis
1117 2397 1275 2472 (nescioii

231 2500 266 2540 an
281 2481 371 2542 dicam
387 2482 463 2560 quod
477 2501 523 2542 me
538 2492 662 2560 pateret
677 2482 783 2542 sentire
801 2487 831 2538 et
846 2478 943 2537 dicere
959 2479 1047 2554 cupit,
1063 2476 1236 2539 adulescen-

206 2567 268 2627 7tis
289 2567 462 2626 verecundia
483 2566 575 2642 vetat)
598 2567 662 2642 ipso
682 2573 762 2643 patre
783 2561 895 2620 melior.
917 2559 1044 2621 Difficile
1061 2568 1105 2622 est
1119 2570 1149 2620 nt
1164 2563 1235 2624 milri

231 2647 266 2708 de
282 2650 400 2710 absente
424 2648 541 2724 credas,
563 2662 727 2726 quamquam
750 2642 869 2704 credere
890 2645 969 2707 soles
991 2647 1100 2722 omnia,
1127 2655 1235 2706 tantum

231 2735 259 2791 in
270 2732 320 2792 illo
333 2731 496 2808 industriae,
510 2731 669 2810 probitatis,
686 2728 865 2809 eruditionis,
881 2732 999 2809 ingenii,
1015 2730 1111 2806 studii,
1127 2748 1233 2792 memo·

205 2817 289 2878 &riae
311 2815 434 2891 deniqne
455 2833 541 2891 esse,
567 2822 698 2892 qnantum
722 2823 858 2892 expertus
878 2815 1017 2876 invenies.
1049 2814 1162 2874 Vellem
1176 2825 1277 2882 tameo

231 2897 311 2956 ferax
326 2895 470 2956 saeculnm
485 2898 568 2957 bonis
581 2898 687 2959 artibus
702 2898 871 2959 haberemus
885 2909 916 2958 ut
928 2899 1038 2977 aliquos
1050 2899 1138 2959 Basso
1150 2916 1232 2976 prae·

231 2980 308 3038 ferre
326 2979 466 3041 deberes:
489 2990 547 3040 tum
563 2998 619 3058 ego
637 2991 666 3040 te
688 2985 794 3062 primns
813 2983 943 3044 hortarer
958 3000 1162 3060 moneremque
1179 2986 1233 3042 cir·

232 3064 389 3124 cumierres
404 3063 505 3126 oculos
522 3082 556 3125 ac
572 3065 617 3137 diu
633 3070 792 3145 pensitares
808 3084 891 3145 quem
906 3069 1082 3146 potissimum
1096 3067 1231 3142 eligeres.

205 3146 314 3211 9Nnnc
327 3166 397 3210 vero
414 3184 455 3193 —
469 3149 523 3210 sed
537 3148 604 3209 nihil
618 3149 688 3211 volo
703 3151 738 3211 de
749 3153 839 3211 amico
850 3170 916 3212 meo
927 3152 1106 3229 adrogantius
1122 3150 1232 3229 dicere,

231 3232 287 3294 hoc
303 3233 395 3294 solnm
410 3232 476 3293 dico
492 3232 606 3311 dignum
627 3254 694 3296 esse
715 3238 846 3296 iuvenem
861 3254 944 3314 quem
961 3253 1039 3295 more
1053 3236 1187 3294 maiorum
1204 3235 1276 3300 inas

188 3327 223 3378 10
231 3316 280 3376 lilii
297 3317 391 3377 locum
406 3316 544 3378 adsumas.
575 3317 691 3379 Debent
704 3329 798 3379 autem
814 3323 958 3398 sapientes
970 3321 1040 3396 viri,
1058 3328 1089 3378 ut
1104 3327 1144 3395 tu,
1156 3318 1232 3380 tales

231 3402 311 3476 quasi
330 3400 437 3461 liberos
459 3418 475 3460 a
496 3419 528 3460 re
550 3403 663 3480 publica
684 3406 817 3483 accipere
835 3404 935 3482 quales
955 3413 1084 3463 anatura
1104 3402 1231 3464 solemus

222 3491 339 3560 optare.
379 3482 511 3544 Decorus
533 3489 587 3548 erit
613 3487 662 3547 tibi
684 3488 794 3550 consuli
816 3497 951 3566 quaestor
972 3497 1053 3568 patre
1075 3489 1231 3567 praetorio,
