2588 4116
122 205 183 267 146
547 206 580 267 C.
602 207 698 266 PLlNl

96 359 235 429 scissime
250 368 352 418 tamen.
371 358 413 418 lta
426 358 553 436 adsuevi,
569 368 598 418 et
615 376 688 417 nurrc
707 366 803 416 custos
816 356 907 416 adest.
930 354 1077 432 Gallinam,
1097 370 1128 418 ut
1199 350 1201 359 ⁴

122 460 137 500 a
152 451 181 501 te
198 443 321 518 missam,
337 442 459 501 libenter
471 445 587 520 aecepi;
603 455 686 519 quam
702 443 769 501 satis
785 440 896 500 acribus
909 440 1012 515 oeulis,
1030 461 1127 519 quarn·

123 543 204 603 quam
218 525 309 584 adbuc
321 526 426 604 lippus,
444 527 655 602 pinguissimam
671 523 735 582 vidi.
768 522 848 582 Vale.

578 656 669 717 xxti.

400 755 426 805 c.
443 754 566 806 peruius
585 754 720 804 ranconi
741 753 799 804 suo
818 753 842 802 s,

97 882 110 931 1
180 856 272 916 illinus
298 857 444 916 miraberis
471 875 515 916 me
540 866 594 917 tam
617 857 753 917 instanter
773 857 883 933 petisse
904 857 980 914 utin
1004 859 1124 916 amicum

120 956 213 998 meum
230 940 377 1001 conferres
392 941 574 1018 tribunatum,
601 959 664 1000 eum
688 941 788 1000 scieris
810 941 874 1017 quis
895 937 945 997 ille
961 939 1123 1019 qualisque.

57 1049 61 1056 ·
120 1021 239 1082 Possum
253 1031 346 1082 autem
360 1027 414 1083 iam
429 1024 479 1083 tibi
492 1034 520 1084 et
532 1041 634 1083 nomen
649 1023 772 1083 indicare
792 1033 821 1083 et
836 1022 1004 1082 describere
1017 1025 1122 1102 ipsum,

98 1117 270 1185 ppostquam
291 1105 449 1184 polliceris.
483 1107 536 1167 llst
553 1104 702 1168 Cornelius
723 1105 906 1182 Minicianus‚
929 1118 1123 1166 ornamentum
1132 1124 1163 1176 10

119 1191 244 1266 regionis
273 1208 353 1250 meae
376 1209 427 1250 seu
448 1190 582 1268 dignitate
606 1209 657 1251 seu
684 1190 818 1251 moribus.
856 1189 944 1249 Natus
970 1189 1120 1267 splendide

120 1273 241 1333 abundat
253 1275 442 1350 facultatibus,
456 1285 528 1335 amat
544 1275 680 1335 studiant
699 1275 793 1336 solent
811 1292 963 1352 pauperes.
986 1270 1064 1332 Idem
1075 1293 1121 1335 re·

120 1360 262 1418 ctissimus
283 1359 385 1435 iudex,
412 1359 583 1420 fortissimus
607 1358 778 1436 advocatus,
803 1360 907 1418 amicus
931 1357 1120 1418 fidelissimus.

93 1440 279 1520 3Aeeepisse
294 1453 323 1501 te
338 1444 506 1503 beneficium
525 1442 643 1519 credes,
672 1461 735 1502 eum
752 1444 1055 1523 propiusinspexeris
1071 1442 1122 1500 ho·

118 1526 237 1602 minem,
256 1525 383 1585 omnibus
398 1525 573 1602 honoribus,
590 1527 718 1586 omnibus
733 1526 821 1588 titulis
837 1524 920 1604 (nihil
935 1523 1002 1584 volo
1019 1524 1120 1586 elatius
1130 1533 1160 1584 15

119 1607 154 1667 de
169 1609 377 1668 modestissimo
392 1611 454 1668 viro
472 1610 582 1686 dicere)
598 1626 703 1686 parem.
733 1610 814 1670 Vale.

1132 704 1147 756 ὁ

565 1741 669 1802 ΧΧΙΙΙ.

298 1837 325 1889 C.
345 1838 470 1912 PLlNlUS
486 1838 614 1889 FABATO
631 1838 819 1889 PRosocnao
840 1838 898 1889 SUO
919 1838 945 1891 S.

94 1955 107 2003 1
180 1933 297 1997 Gaudeo
311 1939 423 2016 quidem
437 1959 504 2001 esse
521 1950 551 2001 te
566 1951 622 2001 tam
637 1940 739 2002 fortem
754 1951 784 2001 ut
798 1940 949 2000 Mediolani
965 1954 1161 2005 occurrereao

117 2018 213 2078 Tironi
228 2024 340 2098 possis,
361 2023 412 2083 sed
434 2034 464 2084 ut
478 2044 651 2104 perseveres
669 2046 736 2087 esse
750 2037 805 2087 tam
822 2026 916 2102 fortis,
930 2042 1003 2102 rogo
1018 2044 1054 2085 ne
1069 2026 1120 2084 tibi

117 2115 214 2164 eontra
234 2108 372 2166 rationem
394 2111 494 2169 aetatis
517 2120 622 2170 tantum
643 2110 748 2170 laboris
770 2113 908 2186 iniungas.
942 2108 1014 2181 Quin
1036 2111 1119 2167 immo

116 2188 249 2250 denuntio
265 2201 296 2251 ut
319 2190 397 2250 illum
419 2201 448 2252 et
469 2194 543 2253 domi
562 2205 591 2254 et
612 2197 682 2254 intra
698 2196 809 2254 domum
829 2193 920 2268 adque
944 2195 1028 2252 etiam
1050 2195 1120 2252 intra

89 2274 239 2341 nortbiculi
261 2275 347 2335 limen
369 2287 534 2354 exspectes.
566 2277 679 2336 Etenim
696 2295 758 2335 cum
772 2295 788 2334 a
801 2294 846 2334 me
862 2285 891 2331 ut
910 2274 999 2333 irater
1019 2275 1121 2353 diliga-

115 2366 171 2434 tur,
184 2376 240 2417 non
259 2359 345 2419 debet
359 2359 394 2417 ab
409 2377 446 2417 eo
462 2379 545 2436 quem
563 2376 619 2434 ego
634 2360 757 2433 parentis
773 2357 840 2414 loeo
857 2355 981 2413 observo
998 2362 1160 2433 exigereae

116 2441 238 2499 officium
254 2441 330 2517 quod
346 2443 455 2518 parenti
470 2459 523 2501 suo
535 2441 700 2498 remisisset.
732 2436 811 2495 Vale.

556 2565 673 2627 XXllIl.

397 2667 424 2720 C.
444 2668 567 2718 PLINIUS
586 2669 707 2719 GEMINO
729 2667 789 2718 SUO
809 2668 836 2720 S.

92 2781 106 2829 1
177 2764 314 2824 Ummidia
327 2764 500 2837 Quadratilla
512 2768 698 2846 paulominus
714 2771 911 2846 octogensimo
929 2773 1028 2829 aetatis
1045 2790 1157 2843 ann030

113 2849 250 2926 decessit,
268 2867 359 2927 usque
374 2849 408 2908 ad
421 2853 601 2913 novissimam
615 2852 796 2913 ualitudinem
806 2854 914 2930 viridis,
930 2853 1022 2930 adque
1033 2858 1115 2915 etiam

88 2933 184 2996 tultra
203 2932 386 2994 matronalem
405 2935 519 2996 modum
541 2947 690 3015 compacto
711 2955 833 3014 corpore
854 2947 883 2997 et
898 2937 1026 2997 robusto.
1057 2938 1115 2997 De·
1200 2985 1201 2991 κ

113 3020 201 3080 cessit
215 3017 416 3079 honestissimo
432 3030 617 3082 testamento:
632 3021 746 3099 reliquit
759 3022 894 3100 heredes,
913 3040 951 3081 ex
966 3022 1053 3082 besse
1065 3041 1114 3082 ne·

114 3113 221 3182 potem,
239 3121 275 3163 ex
291 3104 371 3163 tertia
386 3115 466 3183 parte
480 3116 604 3185 neptem.
636 3105 759 3183 Neptem
773 3123 871 3184 parum
884 3107 960 3183 novi,
979 3116 1113 3184 nepotem

112 3188 327 3249 familiarissime
347 3189 450 3267 diligo,
473 3189 686 3251 adulescentem
699 3189 871 3267 singularem
885 3209 940 3249 nee
957 3190 991 3249 iis
1007 3199 1155 3253 tantum35

86 3283 186 3351 ttquos
206 3275 340 3350 sanguine
358 3276 468 3352 attingit
483 3276 555 3335 inter
566 3275 742 3354 propinquos
753 3273 906 3333 amandum.
933 3272 977 3332 Ae
994 3275 1113 3352 primum

113 3361 284 3435 conspicuus
301 3357 389 3417 forma
410 3376 507 3418 onmes
529 3377 675 3419 sermones
697 3359 881 3436 malignorum
898 3367 927 3417 et
942 3375 1014 3435 puer
1028 3368 1057 3417 et
1070 3361 1112 3417 iu·

110 3443 190 3500 venis
209 3443 313 3500 evasit:
335 3445 405 3502 intra
429 3453 555 3521 quartum
572 3453 600 3502 et
620 3445 803 3504 vicensimum
820 3461 919 3502 annum
937 3443 1062 3518 maritus,
1082 3452 1112 3503 et
