2588 4116
310 255 713 319 urorumnuuaa-ss.
729 258 894 336 [ss-aon
1048 255 1111 320 ιιι
1195 230 1201 239 ‘

101 410 238 471 adductus
254 411 289 470 ad
309 428 353 470 me
372 412 399 469 in
414 418 584 488 perpetuum
599 408 744 485 relegatus
760 427 776 468 a
792 409 865 469 lulio
880 409 971 470 llasso
986 428 1110 489 procon-

102 494 175 556 sule.
195 493 272 571 Ego,
289 496 353 572 quia
369 494 494 554 sciebam
509 503 571 552 acta
588 493 668 553 Bassi
684 495 808 553 rescissa
821 493 970 571 datumque
983 511 999 552 a
1011 504 1110 554 senatu

101 582 145 639 ius
156 578 283 638 omnibus
296 578 446 656 dequibus
459 576 509 636 ille
521 575 625 654 aliquid
638 577 834 659 constituisset
848 595 885 635 ex
898 579 1011 653 integro
1023 596 1109 653 agen-

102 662 140 739 di,
159 661 300 721 dumtaxat
314 679 368 740 per
382 662 540 736 biennium,
556 661 728 736 interrogavi
743 659 817 719 buno
830 679 914 738 quem
928 660 1110 736 relegaverat

74 752 136 806 oan
152 745 258 807 adisset
278 740 483 821 docuissetque
499 742 715 822 proconsulem:
742 746 873 821 nepueu.
906 743 961 803 Per
977 744 1053 822 quod
1065 743 1133 806 cib

102 830 209 890 lectum
231 838 320 889 estut
340 837 369 888 te
386 826 567 888 consulerem
587 827 761 887 reddendum
782 846 846 886 eum
861 844 972 905 poenae
990 847 1058 887 suae
1073 846 1108 886 an

101 916 216 991 gravius
237 912 343 990 aliquid
364 921 392 972 et
414 911 482 990 quid
504 913 683 990 potissimum
704 910 930 971 constituendum
945 920 1063 989 putares
1080 920 1109 971 et

101 1000 130 1056 in
145 997 220 1057 bunc
238 1006 267 1056 et
282 999 310 1055 in
325 1013 393 1071 eos,
415 998 439 1055 si
461 997 509 1073 qui
528 994 602 1055 lorte
625 998 653 1053 in
674 994 756 1055 simili
772 995 934 1054 conditione
948 996 1108 1055 inveniren-

102 1090 156 1140 tur.
187 1080 344 1139 Decretum
364 1076 443 1138 Galvi
459 1087 488 1138 et
502 1078 644 1155 edictum,
666 1080 732 1137 item
747 1078 894 1138 decretum
909 1078 989 1138 Bassi
1005 1078 1047 1138 bis
1063 1078 1109 1139 lit-

58 1168 94 1219 10
103 1167 171 1224 teris
188 1163 308 1223 subieci.

382 1374 385 1379 Ι
504 1293 589 1353 ιιιι.
604 1293 710 1370 [oxu]

440 1392 605 1442 TRAIANUS
621 1391 727 1442 PLINIO
747 1391 772 1441 S.

168 1495 241 1569 Quid
263 1498 291 1554 in
313 1512 436 1574 persona
456 1513 554 1556 eorum
576 1494 753 1555 statuendum
775 1496 828 1571 sit,
851 1491 969 1572 quiaP.
987 1492 1135 1561 Servili01

62 1579 194 1644 recalvo
210 1581 384 1659 proconsule
399 1582 427 1638 in
443 1581 592 1640 triennium
604 1578 724 1655 relegati
741 1587 771 1637 et
790 1595 856 1637 mox
871 1577 999 1637 eiusdem
1014 1576 1110 1638 edicto

103 1665 224 1725 restituti
240 1666 266 1722 in
279 1665 425 1743 provincia
436 1672 642 1740 remanserunt,
658 1653 787 1741 proxime
799 1661 850 1723 tibi
861 1661 1028 1737 rescribam,
1046 1678 1110 1720 cum

105 1767 205 1809 causas
224 1751 285 1809 eius
300 1748 366 1810 iacti
381 1766 396 1807 a
413 1745 503 1808 Calvo
517 1747 686 1825 requisiero.
711 1744 767 1818 Qui
781 1765 798 1806 a
812 1744 883 1817 lulio
896 1745 985 1806 Basso
1000 1747 1028 1803 in
1044 1760 1136 1823 per-2

103 1842 220 1912 potuum
243 1831 391 1909 relegatus
414 1842 475 1908 est,
501 1850 564 1892 curn
584 1849 638 1910 per
658 1831 802 1890 biennium
821 1830 923 1908 agendi
946 1829 1110 1890 facultatem

103 1916 250 1992 babuerit,
266 1917 290 1975 si
306 1916 483 1975 existimabat
498 1934 530 1975 se
546 1917 645 1973 iniuria
660 1914 834 1990 relegatum,
850 1932 945 1992 neque
960 1913 988 1972 id
1007 1913 1111 1973 lecerit

60 2009 190 2076 noatque
205 1999 233 2056 in
249 2000 395 2076 provincia
410 2000 513 2057 morari
530 1999 740 2074 perseverarit,
763 1999 875 2057 vinctus
891 1998 961 2055 mitti
976 1997 1010 2055 ad
1029 2014 1111 2074 prae-

105 2082 198 2141 fectos
221 2083 355 2158 praetorii
373 2083 429 2140 mei
447 2080 542 2140 debet.
576 2078 679 2156 Neque
701 2080 775 2138 enim
796 2080 901 2139 suflicit
921 2096 985 2138 eum
999 2095 1110 2157 poenae
1157 2128 1160 2133 .

105 2184 173 2225 suae
190 2165 311 2240 restitui,
328 2182 410 2241 quam
426 2165 601 2223 contumacia
618 2162 711 2221 clusit.

488 2294 585 2355 nvnr.
606 2294 725 2372 [cxvi]

63 2418 95 2470 25
322 2394 349 2445 0.
369 2394 494 2445 Plinius
512 2393 658 2444 TRAIANO
676 2390 883 2441 IMPERATORI.

168 2494 240 2557 Cum
255 2498 370 2556 citarem
381 2496 501 2574 iudices,
518 2497 640 2571 domine,
658 2503 828 2555 conventum
842 2492 1033 2569 inchoaturus,
1046 2490 1134 2554 Fla-l

107 2580 340 2658 viusdrcbippus
353 2583 529 2641 vacationem
544 2590 645 2660 petere
660 2580 757 2658 coepit
773 2587 804 2637 ut
817 2576 1013 2655 pbilosopbus,
1037 2574 1137 2636 Fue-2

106 2672 170 2722 runt
191 2664 239 2740 qui
260 2663 389 2724 dicerent
409 2681 465 2723 non
484 2664 659 2725 liberandum
681 2681 745 2725 eum
762 2661 901 2722 iudicandi
923 2661 1110 2738 necessitate,

107 2746 160 2807 sed
178 2748 289 2805 omnino
304 2745 459 2807 tollendum
475 2746 511 2808 de
526 2749 648 2808 iudicum
662 2764 779 2807 numero
795 2745 1026 2823 reddendumque
1040 2761 1112 2824 poe-

64 2842 178 2907 bonae,
195 2847 277 2908 quam
298 2829 396 2891 fractis
420 2831 542 2892 vinculis
563 2835 713 2893 evasisset.
749 2829 880 2891 Recitata
902 2840 947 2891 est
972 2830 1139 2889 sententia3

108 2914 173 2973 Veli
194 2912 283 2973 Paulli
309 2914 507 2991 proconsulis,
535 2934 589 2993 qua
615 2917 789 2994 probabatur
808 2914 973 2992 Archippus
998 2913 1114 2971 crimine

107 2997 172 3058 falsi
190 2997 334 3057 damnatus
348 3000 376 3056 in
396 2998 555 3059 metallum:
579 2998 630 3059 ille
652 2999 720 3059 nibil
736 2998 901 3077 proferebat
923 3013 979 3074 quo
999 2998 1114 3055 restitu-

109 3091 166 3141 tum
182 3100 215 3142 sc
230 3079 360 3142 doceret.
391 3082 553 3160 Adlegabat
567 3092 660 3143 tamen
676 3100 728 3162 pro
743 3083 922 3142 restitutione
941 3088 970 3138 et
986 3077 1114 3137 libellum

109 3183 171 3225 ase
186 3165 347 3225 Domitiano
362 3164 456 3226 datum
472 3175 500 3225 et
515 3167 653 3245 epistulas
669 3169 730 3225 eius
750 3163 784 3223 ad
799 3163 936 3222 bonorem
953 3178 1034 3221 suum
1049 3178 1114 3238 per·

65 3257 98 3310 35
109 3251 232 3310 tinentes
248 3258 277 3309 et
292 3249 437 3310 decretum
454 3249 644 3311 Prusensium.
674 3247 806 3308 Addebat
826 3247 870 3306 bis
884 3255 914 3305 et
928 3254 990 3305 tuas
1005 3243 1114 3304 litteras

110 3335 231 3412 scriptas
249 3333 320 3410 sibi,
342 3332 463 3394 addebat
479 3343 507 3393 et
522 3336 609 3412 patris
625 3334 665 3393 tui
680 3330 804 3392 edictum
820 3340 849 3390 et
865 3328 1032 3407 epistulam,
1054 3328 1115 3405 qui·

109 3416 162 3476 bus
179 3418 374 3478 confirmasset
389 3417 529 3478 beneficia
543 3436 559 3477 a
572 3416 733 3475 Domitiano
748 3413 819 3474 data.
853 3411 969 3492 ltaque,
988 3411 1141 3490 quamvisa

110 3500 203 3561 eidem
217 3500 283 3561 talia
301 3502 415 3561 crimina
436 3499 661 3579 adplicarentur,
685 3497 754 3558 nibil
775 3497 984 3558 decernendum
1006 3495 1113 3574 putavi,

1090 3724 1215 3865 Γ
