2588 4116
178 116 241 179 236
483 112 514 173 Ο.
537 112 633 172 PLlNi
654 111 703 171 ΕΤ
724 112 883 172 TRAIANI

179 271 264 330 etiarn
284 269 331 347 qui
355 286 372 329 u
394 269 562 329 censoribus
589 265 770 344 legerentur,
798 265 938 326 dumtaxat
954 266 985 327 in
1008 268 1182 345 paucissimis

155 354 355 430 dcivitatibus,
368 351 443 413 aliud
454 351 529 428 aliis,
546 351 628 410 iussit
639 349 754 410 inferre.
776 349 917 428 Superest
932 368 1006 427 ergo
1021 360 1054 411 ut
1069 352 1136 430 ipse
1151 351 1182 412 di·
1215 364 1217 417 ς

181 437 286 516 spicias
312 455 347 497 an
368 437 396 496 in
420 434 549 500 omnibns
571 434 730 494 civitatibus
759 444 866 494 certum
889 433 997 512 aliquid
1018 437 1182 515 omnesqui

181 520 283 581 deinde
295 520 427 581 buleutae
441 519 574 597 leguntur
590 518 712 578 debeant
726 535 779 597 pru
793 517 906 578 introitu
922 518 1001 579 dare.
1025 517 1103 579 Nam
1117 519 1183 598 quod

180 607 209 664 in
225 613 394 684 perpetuum
414 621 574 665 mansurum
589 611 634 663 est
653 611 715 663 ate
731 602 863 663 constitui
880 601 984 681 decet,
1008 605 1095 663 cuius
1109 603 1199 665 facist

181 688 323 766 dictisque
339 686 459 750 debetur
470 689 632 749 aeternitas.

549 817 651 879 cxlll.
677 814 816 896 [cxliii]

516 917 681 970 inermus
696 918 802 968 nnrnro
821 918 848 973 s,

241 1020 425 1082 Honorarium
444 1021 643 1084 decurionatus
658 1038 756 1083 omues
776 1022 865 1101 quiin
881 1039 996 1101 quaque
1014 1024 1211 1087 civitnteBi·1t

179 1105 293 1182 thynias
316 1105 486 1167 decuriones
507 1107 576 1168 dunt
590 1105 696 1166 inierrc
711 1104 834 1166 debeant
849 1124 959 1184 necne,
977 1108 1009 1167 in
1023 1109 1183 1170 universum

180 1207 256 1252 aruc
272 1206 329 1250 non
342 1198 441 1270 potest
455 1192 548 1251 statui.
571 1188 604 1250 ld
618 1207 688 1267 ergo
710 1189 787 1267 quod
804 1207 919 1268 semper
940 1191 1118 1251 tutissimum
1134 1202 1182 1269 est,

181 1273 356 1354 sequendum
380 1275 518 1353 cuiusque
543 1275 663 1335 civitatis
683 1272 779 1350 legem
801 1282 887 1352 puto,
911 1274 1027 1334 scilicet
1050 1276 1182 1338 adversus

181 1375 234 1419 eos
250 1359 297 1436 qui
316 1357 394 1418 inviti
409 1358 478 1418 fiunt
492 1357 663 1418 decuriones
677 1356 705 1416 id
721 1358 852 1417 existimo
870 1367 1004 1436 acturos,
1025 1367 1060 1418 nt
1074 1370 1094 1430 †
1108 1378 1181 1440 prae·

180 1441 249 1502 intio
264 1442 369 1502 ceteris
386 1441 574 1517 praeferatur.
1188 1449 1210 1500 lt

533 1654 536 1659 Ι
559 1573 677 1636 cxrnr.
699 1571 808 1652 [oxvu

400 1671 427 1724 G.
452 1671 575 1723 PLINIUS
594 1673 738 1723 TRAIANO
757 1670 967 1726 IMPnnAnonl.

154 1781 168 1832 1
241 1770 333 1850 Lege,
351 1772 480 1852 dominc,
495 1773 648 1852 Pompeia,
666 1775 835 1852 permissum
850 1772 1008 1849 Bithynicis
1026 1776 1178 1837 civitatibus

179 1856 344 1918 adscribere
366 1858 421 1919 sibi
442 1876 514 1936 quos
534 1857 645 1918 vellent
663 1859 753 1935 cives,
770 1858 834 1917 dum
851 1875 988 1936 nequem
1004 1877 1105 1920 earnm
1120 1860 1209 1920 civi-tt

180 1952 267 2003 tatum
284 1960 356 2021 quae
379 1951 443 2003 sunt
461 1943 489 2001 in
508 1942 647 2018 bithynia.
681 1940 788 2001 Eadem
804 1941 871 2020 lege
887 1943 1014 2003 sancitur
1028 1944 1133 2022 quibus
1148 1942 1178 2002 de

155 2028 273 2087 ucausis
296 2045 313 2087 e
333 2035 433 2088 senatu
455 2044 471 2086 a
492 2026 661 2087 censoribus
684 2027 828 2087 eiciuntur.
861 2024 929 2086 lude
951 2043 999 2086 me
1020 2028 1135 2106 quidam
1149 2043 1180 2087 ex

181 2110 350 2172 censoribus
369 2110 574 2172 consulendum
597 2119 766 2189 putaverunt
786 2129 821 2171 au
841 2110 937 2170 eicere
960 2109 1107 2173 deberent
1124 2127 1181 2171 eun

153 2196 227 2274 3qui
240 2204 320 2256 esset
333 2194 451 2255 alterins
468 2193 598 2254 civitatis.
621 2192 704 2271 Ego,
720 2193 784 2272 quia
798 2192 847 2254 lex
861 2193 935 2254 sicut
949 2192 1075 2255 adscribi
1096 2198 1181 2255 civem

179 2279 301 2340 alienum
314 2279 438 2356 vetabat,
455 2280 493 2338 ita
504 2277 559 2338 eici
575 2295 591 2337 e
607 2286 707 2337 senatu
720 2276 757 2336 ob
770 2276 842 2336 hauc
858 2293 970 2337 causam
984 2293 1041 2337 non
1053 2277 1208 2356 iubebunt

179 2372 328 2440 praeterea
356 2361 433 2439 quod
455 2360 651 2421 adfirmabatur
669 2359 735 2419 ruibi
760 2362 788 2420 in
811 2361 884 2420 omni
910 2361 1023 2421 civitate
1043 2360 1181 2440 plurimos

178 2462 246 2504 esse
267 2445 399 2506 buleutas
422 2462 459 2504 ex
479 2443 541 2502 aliis
563 2442 722 2504 civitatibus
744 2443 925 2522 futurumque
947 2454 977 2505 nt
998 2444 1082 2506 multi
1098 2448 1181 2508 borni·

181 2545 234 2588 nes
252 2526 414 2603 multaeque
433 2528 562 2587 civitates
580 2535 810 2608 concuterentur,
827 2547 896 2590 cum
911 2544 944 2587 en
958 2546 1025 2607 pars
1039 2527 1118 2608 legis
1132 2532 1180 2590 inu

177 2608 287 2688 pridem
303 2627 447 2672 consensu
461 2608 583 2690 quodam
598 2609 794 2690 exclusisset,
815 2613 1011 2674 necessarium
1026 2615 1180 2676 existimari

178 2692 331 2838 consullpre
350 2703 380 2754 te
404 2695 471 2772 quid
491 2694 659 2756 servandum
679 2705 805 2774 putares.
837 2693 936 2776 Capita
958 2695 1033 2774 legis
1048 2698 1094 2760 his
1109 2698 1209 2759 litte-tt

175 2794 351 2839 mwmn

563 2909 647 2972 cxv.
671 2910 795 2992 [exve]

510 3011 673 3064 TRAIANUS
689 3011 797 3065 PLINIO
815 3010 842 3064 S.

238 3113 340 3176 Merito
367 3116 503 3193 haesisti,
533 3114 667 3177 Secunde
690 3116 852 3194 carissime,
879 3116 946 3196 quid
966 3133 983 3178 a
1006 3122 1037 3176 te
1059 3117 1211 3180 rescribiti

177 3208 326 3275 oporteret
340 3200 509 3261 censoribus
528 3199 759 3281 consulentibus,
787 3219 822 3262 an
839 3242 907 3260 ....
925 3200 1100 3261 insecutum
1116 3199 1181 3262 aiis·

175 3296 237 3338 runr
252 3282 406 3360 civitatum,
424 3282 552 3344 eiusdem
565 3291 659 3344 tamen
672 3285 835 3362 provinciae
851 3285 941 3344 cives.
969 3281 1040 3343 nam
1058 3295 1089 3345 ct
1106 3285 1182 3363 legis

173 3364 328 3425 auctoritas
350 3375 380 3426 et
399 3364 487 3445 longa
509 3367 687 3429 cousuetudo
707 3378 841 3447 usurpate
859 3376 956 3428 contra
977 3366 1075 3445 legem
1096 3370 1126 3428 in
1142 3369 1182 3429 di·
