2588 4116
395 212 659 275 EPISTULARUM
672 212 735 272 VII.
757 224 801 277 28.
815 224 858 278 29.
871 224 914 276 30.
1094 213 1154 280 151

152 365 217 424 milri
232 383 382 506 npmlqunm
401 367 612 445 persuadebunt
632 376 661 426 ut
683 383 762 426 meos
780 366 863 426 amari
884 385 959 425 ame
973 368 1085 426 nlmium
1103 386 1154 448 pu·

151 458 219 508 tem.
277 467 331 508 ae.

579 581 724 642 xxvuu.

129 709 144 760 5
418 681 445 731 o.
465 679 763 732 PL1N1USMONTANO
783 678 843 730 suo
860 678 886 732 S.

212 783 347 860 Ridebis,
370 783 472 844 delnde
495 784 704 862 indignaberis,
733 783 834 843 deinde
855 781 977 857 ridebis,
1001 784 1024 842 si
1047 783 1177 860 legeris]

153 866 243 944 quod,
259 869 312 926 nisi
329 866 454 944 legeris,
471 885 527 927 non
541 878 625 946 potes
641 868 769 927 credere.
799 865 851 926 Est
862 866 907 924 via
923 864 1065 925 Tiburtina
1081 868 1179 931 intras

151 953 268 1028 primum
285 948 408 1029 lapidem
423 952 567 1030 (proxime
584 951 730 1028 adnotavi)
753 951 953 1010 monimentum
967 949 1100 1011 PallantIs
1114 953 1153 1011 ita

149 1035 314 1111 inscriptum
331 1034 409 1093 ‘huic
430 1044 546 1094 senatus
566 1036 603 1095 ob
619 1035 703 1095 iidenr
720 1036 913 1112 pietatemque
929 1051 998 1110 erga
1017 1044 1152 1112 patronos

109 1131 143 1181 10
151 1128 313 1177 ornamenta
335 1121 475 1194 praetoria
499 1119 627 1178 decrevit
649 1129 678 1178 et
698 1119 861 1178 sestertium
885 1119 995 1177 centies
1018 1120 1153 1196 qninqua-

149 1203 230 1278 gies,
256 1203 335 1261 cuius
356 1201 465 1260 honore
490 1213 639 1262 contentus
660 1202 734 1260 luit'
760 1201 901 1277 Equidem
922 1218 1070 1280 numquam
1092 1211 1179 1263 suma
1284 1260 1287 1265 .

148 1287 264 1344 miratus
280 1303 351 1361 quoe
365 1287 480 1361 saepius
494 1304 509 1345 a
525 1285 635 1344 fortuna
649 1302 730 1362 quam
742 1300 757 1342 a
770 1283 874 1343 iudicio
889 1285 1153 1362 proficiscerentur:

148 1370 270 1426 maxime
285 1377 378 1426 tamen
392 1367 438 1426 hic
452 1386 497 1428 me
513 1367 612 1428 titulus
627 1367 767 1427 admonuit
785 1385 866 1444 quam
881 1374 979 1426 essent
996 1369 1105 1426 mimica
1124 1379 1153 1429 et

148 1453 246 1528 inepta
262 1469 333 1528 quae
348 1450 487 1511 Interdum
503 1454 530 1510 in
546 1450 602 1511 boc
618 1469 751 1527 caenum,
774 1450 824 1510 bas
846 1449 948 1510 sordes
962 1449 1153 1528 obicerentur,

119 1540 221 1613 oquae
240 1534 362 1612 denique
383 1533 432 1593 ille
452 1534 570 1595 furcifer
595 1544 623 1595 et
644 1536 777 1613 recipere
793 1552 878 1593 ausus
902 1543 946 1592 est
968 1541 998 1592 et
1018 1553 1153 1594 recusare

147 1627 232 1695 atque
250 1620 333 1678 etiarn
352 1628 382 1678 ut
397 1618 598 1679 moderationis
621 1616 782 1696 exemplum
796 1618 922 1697 posteris
937 1616 1069 1696 prodere.
1094 1618 1176 1680 Sed4

149 1701 215 1778 quid
231 1699 383 1780 indignor?
407 1702 511 1764 Ridere
534 1706 639 1779 satius,
663 1721 699 1761 ne
716 1722 748 1763 se
764 1719 894 1779 magnum
909 1701 1014 1779 aliquid
1031 1702 1151 1781 adeptos

149 1795 247 1860 putent
263 1788 310 1865 qui
325 1786 381 1845 huc
396 1785 534 1847 felicitate
549 1788 722 1866 perveniunt
733 1795 763 1845 nt
778 1786 928 1846 rideantur.
964 1783 1045 1844 Vale.

105 1961 138 2012 ,0
600 1919 690 1979 xxx.

416 2017 443 2066 G.
463 2017 587 2066 PLINIUS
605 2016 754 2066 GENITORI
771 2017 831 2066 SUO
850 2017 876 2065 S.

212 2116 360 2201 Tqrqueor
377 2116 453 2194 quod
468 2117 652 2194 discipulum,
675 2128 704 2177 ut
721 2118 841 2193 scribis,
864 2120 984 2196 optimae
1007 2121 1069 2196 spei
1085 2120 1150 2176 arni·
1160 2135 1176 2184 1

148 2202 236 2276 slsti,
252 2200 332 2259 cuius
354 2210 382 2260 et
402 2199 556 2259 valitudine
577 2210 607 2259 et
624 2210 715 2259 morte
733 2201 867 2278 impedita
888 2200 979 2259 studia
993 2209 1040 2259 tua
1055 2202 1150 2276 quidni

148 2279 255 2343 sciam?
278 2302 341 2342 cum
355 2285 394 2344 sis
412 2285 533 2343 omnium
550 2283 707 2343 ciliciorum
722 2284 1006 2359 observantissimus,
1029 2301 1149 2362 cumque

104 2371 246 2428 abomnes
262 2386 334 2447 quos
352 2368 457 2445 probas
473 2367 644 2428 effusissime
659 2366 771 2444 diligas.
788 2365 835 2425 ille
847 2366 903 2431 bue
916 2383 1029 2444 quoque
1045 2367 1174 2430 urbanas

147 2454 261 2529 negotia
281 2461 478 2528 persecuntur,
519 2450 584 2510 Non
604 2450 706 2511 desunt
728 2451 801 2508 enirn
824 2451 871 2527 qui
894 2467 938 2508 me
959 2450 1081 2509 iudicem
1104 2459 1150 2508 aut

146 2536 279 2593 arbitrum
293 2534 405 2595 faciant.
437 2534 587 2595 Accedunt
605 2533 751 2613 querellae
766 2534 953 2609 rusticorum,
976 2537 1023 2611 qni
1037 2534 1175 2597 auribus3

146 2619 217 2676 meis
230 2627 296 2695 post
310 2616 425 2694 longum
438 2628 549 2697 tempus
565 2636 617 2679 suo
629 2620 689 2678 inre
703 2618 861 2678 abutuntur.
881 2615 969 2676 lnstat
980 2627 1008 2677 et
1021 2620 1149 2678 necessi·

147 2710 190 2759 tas
205 2716 337 2777 agrorum
352 2700 535 2760 locandorum
549 2719 686 2780 perquam
700 2700 835 2761 molesta:
857 2700 929 2760 adeo
944 2718 1035 2760 rarum
1051 2710 1096 2761 est
1109 2704 1149 2760 ln·

104 2790 140 2843 30
146 2785 245 2842 venne
259 2783 378 2844 idoneos
396 2783 594 2844 conductores.
617 2785 725 2858 Quibus
738 2804 774 2844 ex
788 2786 880 2844 causis
894 2787 1025 2863 precario
1033 2786 1146 2862 studeo,
1158 2797 1176 2850 4

147 2866 249 2928 studeo
263 2876 369 2927 tamen:
383 2885 446 2927 narn
460 2878 489 2929 et
501 2869 596 2928 scribo
610 2868 715 2946 aliquid
730 2878 759 2927 et
774 2868 856 2945 lego:
872 2867 925 2927 sed
940 2886 1002 2927 cunr
1017 2868 1096 2946 lego,
1113 2889 1150 2928 ex

147 2952 348 3028 conparatione
366 2954 459 3013 sentio
475 2969 556 3030 quam
571 2951 643 3011 male
667 2953 805 3027 scribam,
829 2951 898 3011 licet
918 2960 948 3010 tn
963 2952 1029 3011 milri
1045 2953 1149 3012 bonum

145 3037 264 3094 culmum
284 3034 388 3111 lacias,
413 3037 461 3115 qui
478 3035 594 3095 libellos
618 3052 697 3096 meos
717 3034 753 3094 de
775 3034 881 3094 ultione
902 3033 1014 3094 llelvidi
1031 3037 1149 3094 orationi
1246 3041 1254 3055 ‘

145 3117 347 3191 Demosthenis
362 3111 444 3177 κατὰ
456 3116 602 3179 Μειδίου
620 3118 746 3194 coniers,
763 3137 845 3196 quam
860 3135 938 3193 sane,
955 3136 1017 3176 cunr
1031 3130 1172 3195 compo-5

104 3210 243 3264 bonorem
260 3200 343 3278 illos,
364 3200 448 3260 habui
466 3202 494 3259 in
512 3203 656 3277 manibus,
679 3220 735 3261 non
753 3211 783 3260 ut
805 3199 962 3259 aemularer
984 3201 1148 3278 (Inprobum

146 3289 219 3345 enirn
239 3302 273 3345 ac
295 3302 387 3362 paene
411 3284 581 3364 furiosum),
607 3285 658 3346 sed
684 3294 776 3344 tamen
802 3285 926 3343 imitarer
947 3292 976 3341 et
999 3302 1148 3361 sequerer,

146 3379 279 3446 quantum
293 3378 340 3427 ant
353 3367 503 3428 diversitas
517 3369 704 3444 ingeniorum,
720 3368 831 3426 maximi
849 3375 878 3425 et
892 3367 1006 3444 minimi,
1022 3377 1068 3426 aut
1085 3384 1149 3426 cau·

146 3471 195 3512 sae
211 3450 407 3512 dissimilitudo
422 3459 578 3526 pateretur.
614 3450 696 3510 Vale.
