2588 4116
354 193 770 260 urrsruunuuusn--ss
786 196 951 275 [sn-ssa
1093 196 1154 260 aar

148 345 265 423 tinenti,
282 345 338 406 dixi
354 349 465 425 utrique
482 349 554 425 parti
569 358 599 409 ut
614 346 834 427 postulationum
849 365 961 409 suarum
975 348 1091 412 libellos
1108 349 1155 412 da·

148 440 221 489 rent.
251 429 392 491 Volebam
418 433 492 491 cuim
513 440 542 491 te
563 431 691 509 ipsorum
710 433 887 509 potissimum
908 433 1002 495 verbis
1025 453 1059 494 ea
1081 454 1155 514 quas

150 522 229 573 eraut
250 517 399 594 proposita
420 531 610 592 cognoscere.
638 512 676 574 Et
693 514 768 574 Dion
790 515 904 593 quidem
919 534 952 576 se
973 516 1100 578 daturum
1113 518 1153 577 di·

148 600 204 657 xit:
222 598 274 675 [et]
293 597 452 677 Eumolpus
466 598 615 677 respondit
631 597 838 676 conplexurum
853 619 887 660 sc
908 598 1008 660 libello
1024 620 1097 680 quae
1112 604 1154 663 rei

123 689 139 743 5
150 681 283 759 publicae
298 693 429 762 peteret,
453 693 582 744 ceterum
600 681 677 760 quod
698 681 733 742 ad
754 682 886 762 sepultos
903 685 1076 764 pertineret,
1097 694 1181 748 nond

149 775 346 827 accusatorem
362 786 394 827 se
410 765 463 827 sed
477 766 645 827 advocatum
660 765 749 826 Flavii
760 765 911 846 Archippi,
930 769 1010 828 cuius
1025 768 1153 830 mandata

149 851 326 929 pertulisset.
355 849 537 930 Archippus,
561 851 606 909 cui
620 848 779 930 Eumolpus
794 851 869 911 sicut
882 851 1019 914 Prusiade
1034 853 1153 915 adsiste·

150 934 208 1012 bat,
225 935 293 993 dixit
308 952 341 995 se
356 933 485 995 libellum
500 933 638 994 daturum.
661 933 702 995 lta
717 953 772 995 neo
786 932 946 1014 Eumolpus
960 955 1015 998 nec
1032 935 1154 1015 Archip-

147 1037 202 1097 pus
218 1035 300 1096 quam
315 1017 442 1096 plurimis
460 1018 561 1078 diebus
576 1020 737 1096 expectatis
752 1018 844 1079 adhuc
857 1020 925 1080 mihi
940 1019 1055 1081 libellos
1067 1019 1153 1081 dede·

105 1113 140 1164 10
148 1111 226 1161 runt:
243 1101 318 1161 Dion
330 1100 419 1180 dedit,
438 1119 523 1180 quem
538 1102 604 1162 lruic
621 1102 761 1181 epistulae
776 1103 861 1163 iunxi.
893 1102 961 1183 lpse
982 1106 1010 1163 iu
1024 1122 1057 1165 re
1071 1108 1180 1183 prae-⁷

149 1186 224 1245 senti
238 1183 278 1243 lui
294 1194 324 1244 et
343 1185 401 1244 vidi
421 1194 496 1245 tuam
513 1203 629 1264 quoquc
647 1196 766 1247 statuam
781 1188 809 1246 irr
824 1187 1002 1248 bibliotheca
1019 1190 1152 1266 positam:

148 1268 176 1327 id
192 1277 285 1327 autem
299 1268 327 1327 in
342 1286 398 1346 quo
420 1267 550 1328 dicuutur
568 1269 674 1348 sepulti
695 1269 769 1330 lilius
787 1280 817 1330 et
838 1288 912 1331 uxor
930 1272 1031 1333 Diouis
1045 1273 1073 1332 iu
1087 1290 1153 1332 area

151 1351 348 1429 conlocatum,
366 1370 438 1431 quae
455 1352 613 1430 porticibus
628 1351 788 1412 includitur.
818 1352 877 1431 l'e,
890 1353 1019 1432 domine,
1036 1372 1110 1433 rogo
1124 1361 1181 1418 ulli

149 1453 195 1494 me
210 1437 238 1494 irr
250 1434 306 1495 boc
322 1437 476 1515 praecipue
492 1454 600 1514 genere
617 1435 786 1513 cognitionis
800 1455 907 1515 regere
924 1438 1066 1516 digneris,
1091 1457 1153 1500 cum

108 1534 139 1585 15
149 1517 255 1597 alioqui
269 1537 368 1596 magna
384 1521 421 1580 sit
435 1521 615 1598 expectatio,
636 1529 665 1580 ut
680 1537 806 1581 neccsse
827 1531 872 1582 est
892 1522 921 1582 in
942 1541 976 1583 ea
990 1540 1023 1581 re
1038 1540 1111 1601 quae
1126 1532 1155 1584 et

148 1605 175 1662 in
192 1603 356 1665 confessum
370 1605 449 1663 veuit
465 1613 495 1664 et
510 1603 649 1683 exemplis
664 1602 834 1664 detenditur.

487 1736 815 1818 lxxxli.[uxxxv1.]

483 1836 650 1888 TRAIANUS
668 1837 775 1889 PLINIO
794 1835 820 1886 S.

106 1957 140 2008 20
212 1939 331 2000 Potuisti
349 1956 407 1998 nou
428 1939 565 2015 haerere,
586 1941 623 1997 mi
642 1937 775 1999 Secunde
792 1938 954 2013 carissime,
979 1940 1055 1998 circa
1074 1937 1103 1997 id
1118 1938 1152 1998 de
1163 1952 1177 2004 1

150 2038 206 2099 quo
225 2039 270 2081 me
289 2021 495 2082 consulendum
510 2023 686 2098 existimasti,
706 2040 769 2081 cum
784 2023 962 2098 propositum
974 2039 1067 2081 meum
1080 2025 1153 2099 opti·

149 2123 195 2163 me
215 2121 317 2165 nosses
337 2122 395 2162 uon
418 2122 454 2162 ex
470 2113 546 2163 metu
566 2122 621 2163 nec
643 2114 755 2164 terrore
770 2103 912 2163 bominum
926 2113 973 2163 aut
991 2104 1153 2164 criminibus

150 2189 304 2248 maiestatis
322 2188 511 2247 reverentiam
533 2188 637 2246 nomini
657 2204 721 2247 meo
744 2185 864 2264 adquiri.
897 2184 1009 2247 Omissa
1027 2204 1098 2264 ergo
1120 2201 1180 2252 ea2

151 2273 330 2350 quaestione,
348 2288 429 2349 quam
443 2288 500 2330 nou
515 2269 699 2347 admitterem,
716 2270 800 2329 etiam
816 2271 841 2331 si
855 2270 995 2348 exemplis
1009 2271 1153 2331 adiuvare-

106 2370 140 2424 25
150 2366 211 2433 tur,
227 2357 299 2416 ratio
315 2356 404 2416 totius
418 2355 514 2434 operis
532 2353 630 2414 effecti
645 2354 698 2414 sub
714 2371 781 2414 cura
797 2355 865 2430 [tua]
881 2350 1036 2414 Cocceiani
1053 2352 1153 2415 Diouis
1268 2395 1272 2404 ·

149 2442 316 2517 excutiatur,
334 2457 400 2501 cnm
414 2449 443 2500 et
458 2438 564 2499 utilitas
579 2439 701 2498 civitatis
717 2438 813 2514 exigat
827 2456 881 2498 uec
896 2447 943 2499 aut
953 2447 1069 2500 recuset
1079 2436 1154 2498 Dion

148 2535 195 2586 aut
209 2524 312 2585 debeat
329 2542 474 2585 recusare.

177 2736 181 2745 Ι
464 2655 616 2717 uxxxur.
642 2608 829 2734 [uxxuvup

105 2782 141 2836 30
376 2756 402 2807 c.
421 2754 547 2806 enimus
566 2754 711 2806 anniano
727 2754 934 2806 rurunuuonr.

209 2857 356 2935 Rogatus,
379 2858 507 2935 domiue,
536 2875 552 2917 a
572 2857 780 2919 Nicaeensibus
809 2858 925 2937 publice
951 2876 1059 2937 perca
1081 2876 1153 2935 quae

148 2941 214 3001 mihi
229 2951 257 3002 et
273 2951 381 3003 suntet
397 2940 503 3003 debent
521 2958 588 3002 esse
603 2943 798 3019 sanctissima,
822 2941 910 3002 idest
931 2961 984 3021 per
1004 2942 1154 3002 aetemita·

148 3035 205 3086 tem
221 3036 296 3087 tuam
311 3026 499 3105 salutemque,
515 3034 544 3085 ut
560 3043 665 3104 preces
680 3043 746 3087 suas
760 3025 795 3085 ad
812 3034 840 3086 te
855 3025 1025 3104 perferrem,
1041 3025 1084 3084 fas
1097 3042 1154 3084 nou

149 3111 244 3188 putavi
256 3129 363 3189 negare
375 3118 583 3188 acceptumque
597 3109 631 3168 ab
644 3110 679 3170 iis
693 3108 822 3169 libellum
835 3107 900 3168 huic
913 3109 1053 3187 epistulae
1065 3108 1152 3170 iumri.

106 3203 140 3258 ³⁵
455 3243 622 3305 uxxxuu.
647 3240 852 3321 [cxxxviii]

486 3342 648 3394 TRAIANUS
666 3341 772 3391 Plinio
790 3339 816 3390 S.

212 3446 438 3524 Nicaeensibus,
460 3445 508 3524 qui
529 3448 724 3507 intestatorum
739 3444 841 3505 civium
857 3458 1153 3587 suorprpsscoucessam

159 3690 194 3777 ,d
