2588 4116
136 204 199 268 232
434 201 466 263 C.
489 202 586 263 PblNl
607 202 656 262 ET
679 203 837 265 tustini

137 365 204 434 post
218 355 341 416 edictum
356 374 460 432 meum,
476 375 532 435 quo
549 355 704 415 secundnm
718 355 845 416 mandata
860 366 907 416 tun
922 357 1072 420 hetaerias
1086 379 1142 422 esse

111 449 293 503 &vetueram
316 437 381 512 Quo
402 442 493 517 magis
509 442 703 500 necessarium
719 438 827 499 credidi
842 459 880 501 ex
894 440 1008 503 duabus
1027 443 1141 522 ancillis,

139 542 211 602 quae
235 525 377 583 ministrae
397 523 579 600 dicebantur,
608 522 675 601 quid
696 532 776 583 esset
795 525 859 583 veri
878 534 909 585 et
929 544 987 605 per
1007 535 1141 588 tormenta

138 624 287 686 quaerere.
310 604 393 685 tituil
412 604 488 667 aliud
508 608 601 666 inveni
622 624 706 685 quam
724 609 960 683 superstitionem
975 629 1094 689 pravam
1107 615 1140 672 in·

138 691 286 751 modicam.
307 689 377 750 ldeo
393 689 476 751 dilata
491 692 655 767 cognitione
671 689 707 750 ad
723 690 929 751 consulendum
939 702 972 754 te
986 695 1158 761 decucurrit

112 777 206 839 9Visa
227 783 271 835 est
292 774 365 833 enim
385 772 452 833 mibi
471 791 520 834 res
538 773 622 851 digna
637 773 861 852 consultatione,
886 778 1011 838 maxime
1029 790 1141 859 propter

138 857 357 938 periclitantium
374 875 530 917 numerum.
564 856 645 916 blulti
660 860 734 916 enim
749 860 839 919 omnis
854 863 975 938 aetatis,
995 866 1089 925 omnis
1103 882 1140 924 or·
1191 912 1194 919 .

138 943 228 1017 dinis,
250 942 398 1019 utriusque
413 959 501 1002 sexus
518 943 618 1017 etiam,
643 951 781 1001 vocantur
794 942 824 1001 in
839 944 1003 1023 periculum
1017 956 1050 1007 et
1063 965 1139 1008 voca·

137 1026 248 1086 buntur.
280 1022 383 1102 Neque
405 1025 535 1086 civitates
557 1033 661 1084 tantum
682 1024 735 1085 sed
753 1027 835 1086 vicos
857 1029 942 1095 etiarn
957 1039 1048 1109 atque
1062 1049 1139 1109 agros

137 1109 348 1187 superstitionis
367 1110 449 1170 istius
464 1111 597 1186 contagio
611 1117 765 1188 pervagata
778 1118 838 1180 est;
861 1129 935 1190 quse
951 1113 1069 1175 viderur
1084 1117 1139 1177 sisti
1146 1124 1172 1175 lt

97 1210 129 1261 10
138 1201 167 1253 et
187 1193 291 1269 corrigi
306 1208 406 1269 posse.
430 1190 518 1253 Certe
535 1192 602 1253 satis
619 1200 730 1252 constat
749 1211 840 1272 prope
859 1194 915 1255 iam
928 1195 1062 1260 desolata
1078 1208 1139 1261 ten·

138 1277 186 1356 pla
201 1278 338 1355 coepisse
354 1276 495 1338 celebrari
509 1285 539 1336 et
555 1293 636 1336 sacra
648 1274 797 1338 sollemnia
811 1277 858 1336 diu
871 1280 1037 1344 intermissa
1053 1286 1139 1362 repeti

139 1371 307 1440 pastumque
322 1363 421 1422 uenire
441 1360 632 1436 victimarum,
657 1361 737 1421 cuius
750 1361 841 1420 adbuc
854 1363 1017 1426 rarissimus
1034 1376 1139 1446 emptor

138 1445 343 1506 inveniebatur.
371 1443 417 1504 Ex
433 1461 489 1523 quo
510 1442 595 1505 facile
614 1451 660 1504 est
679 1446 787 1522 opinari
808 1463 880 1523 quae
903 1448 986 1508 turba
1001 1448 1138 1518 bominum

139 1528 281 1595 emendari
296 1530 398 1606 possit,
414 1530 438 1588 si
455 1529 492 1589 sit
506 1528 695 1606 paenitentiae
711 1526 803 1588 locus.
923 1586 927 1593 ,
1144 1537 1168 1591 lt

493 1641 607 1703 xcvu.
629 1642 781 1722 [xcviii]

468 1742 632 1793 TRAIANUS
650 1743 757 1793 rutilo
775 1742 802 1798 S.

113 1848 127 1897 1
200 1829 304 1888 Actum
318 1842 403 1904 quem
418 1825 557 1905 debuisti,
580 1827 617 1887 mi
638 1826 788 1906 Secunde,
808 1829 837 1888 in
852 1831 1035 1891 excutiendis
1050 1835 1136 1894 causis

137 1929 236 1972 eorum
253 1912 300 1990 qui
322 1908 472 1971 Christiani
488 1911 524 1971 ad
543 1921 572 1971 te
592 1911 678 1972 delati
697 1912 808 1972 fuerant
826 1922 943 1974 secutus
967 1935 1011 1977 es.
1039 1916 1135 1996 Neque

136 1999 211 2057 enim
229 1998 258 2055 in
278 1996 441 2056 universum
459 1994 565 2074 aliquid
581 1995 657 2074 quod
677 1997 758 2073 quasi
778 2005 883 2056 certam
903 1997 1024 2059 formam
1038 1997 1168 2063 naueattl

109 2082 269 2148 sconstitui
287 2089 393 2160 potest.
425 2076 617 2158 Conquirendi
636 2096 693 2139 non
713 2089 792 2140 sunt:
818 2080 843 2142 si
861 2081 1028 2143 deferantur
1048 2094 1079 2145 et
1098 2103 1136 2144 ar·

136 2175 272 2248 guantur,
295 2164 429 2244 puniendi
447 2173 529 2242 sunt,
552 2166 590 2224 ita
609 2173 702 2224 tamen
723 2173 754 2225 nt
777 2166 825 2242 qui
844 2169 995 2245 negaverit
1009 2187 1045 2229 se
1063 2164 1136 2230 cnt-

135 2253 256 2312 stianum
270 2269 337 2312 esse
353 2251 439 2328 idque
452 2267 485 2310 re
499 2250 562 2326 ipsa
576 2247 755 2308 manifestum
771 2248 891 2327 iecerit,
914 2250 943 2310 id
964 2261 1011 2313 est
1032 2252 1136 2333 suppli·

137 2336 226 2396 cando
240 2335 292 2396 diis
305 2336 421 2411 nostris,
432 2333 558 2411 quamvis
567 2340 721 2410 suspectus
732 2333 761 2391 in
774 2336 968 2412 praeteritum,
980 2338 1093 2397 veniam
1104 2354 1138 2396 ex

135 2421 307 2499 paenitentia
318 2421 450 2497 inpetret.
466 2417 535 2476 Sine
548 2424 665 2476 auctore
677 2432 748 2476 vero
759 2417 900 2496 propositi
911 2416 1002 2478 libelli
1012 2421 1046 2479 in
1057 2419 1169 2479 nullotb

136 2505 251 2561 crimine
263 2501 357 2559 locum
369 2499 477 2560 babere
489 2499 604 2559 debent.
625 2496 696 2557 Nam
711 2509 740 2559 et
755 2503 872 2578 pessimi
886 2501 1010 2582 exempli
1020 2521 1078 2565 nec
1089 2520 1138 2564 no·

135 2587 185 2644 stri
199 2582 306 2644 saeculi
318 2592 372 2642 est.

475 2678 605 2740 xcvlll.
627 2679 793 2760 [xcvllll.]

354 2777 380 2828 c.
400 2779 524 2832 nuntius
543 2782 689 2835 amnuo
710 2782 919 2855 leonensem.

112 2876 125 2927 l
197 2861 436 2923 Amastrianorum
454 2865 570 2945 civitas,
592 2866 721 2945 domiue,
745 2877 775 2929 ct
792 2867 909 2946 elegans
932 2877 962 2928 et
977 2877 1077 2928 ornata
1090 2869 1169 2932 batt

135 2947 184 3007 bet
199 2948 273 3008 inter
287 2949 440 3028 praecipua
460 2966 549 3028 opera
568 2951 785 3030 pulcherrimam
805 2951 983 3030 eandemque
1003 2950 1137 3031 longissi-

134 3049 207 3092 mam
223 3030 361 3111 plateam;
384 3035 465 3093 cuius
480 3052 496 3094 a
510 3034 601 3096 latere
615 3054 670 3116 per
683 3037 805 3114 spatium
820 3052 903 3095 omne
917 3038 1075 3114 porrigitur
1088 3053 1137 3096 no·

133 3116 208 3177 mine
226 3117 339 3198 quidem
359 3117 480 3197 dunen,
501 3137 534 3179 re
554 3138 623 3180 vera
641 3119 740 3181 cloaca
755 3118 921 3181 foedissima
940 3136 974 3179 ac
990 3121 1067 3180 sicut
1081 3130 1137 3181 tur·

106 3202 178 3280 apis
192 3201 405 3263 inmundissime
423 3212 543 3283 aspectu
564 3204 603 3263 ita
617 3204 756 3281 pestilens
773 3203 862 3264 odore
879 3204 1035 3264 teterrimo.
1068 3203 1136 3278 Qui·

132 3286 187 3346 bus
208 3305 246 3348 ex
266 3287 360 3347 causis
379 3304 436 3346 non
456 3288 546 3346 minus
567 3286 740 3348 salubritatis
766 3305 848 3366 quam
873 3286 987 3348 decoris
1016 3289 1174 3348 interestti

132 3385 196 3427 eam
210 3372 341 3448 contegi:
356 3369 432 3449 quod
447 3371 507 3447 liet,
519 3372 544 3430 si
556 3372 720 3449 permiseris
736 3370 898 3431 cumntibus
913 3370 995 3430 nobis
1012 3390 1050 3432 ne
1063 3371 1139 3433 desit

131 3464 248 3529 quoque
263 3454 384 3531 pecunia
398 3456 480 3532 operi
492 3463 547 3514 tam
563 3472 665 3531 magno
682 3473 765 3533 quam
779 3456 954 3515 necessario.
