2588 4116
211 253 271 317 luo
632 249 664 310 C.
687 249 783 310 PLINI

209 405 321 464 tissime
337 402 467 463 similium
482 403 525 463 sui
542 402 633 462 iaoIat.
665 401 755 475 Quam
770 401 837 462 felix
852 411 963 479 tempus
978 400 1046 460 illud
1069 417 1126 479 quo
1147 402 1215 461 mihi

210 488 318 548 liberos
330 484 424 564 illius,
446 495 568 564 nepotes
584 495 667 562 tuos,
687 494 718 544 ut
732 503 813 544 meos
828 484 877 544 vel
891 483 999 544 liberos
1014 483 1061 543 vel
1077 494 1213 563 nepotes,

210 579 365 631 excestre
393 573 455 630 sinn
478 587 591 630 sumere
613 578 642 628 et
662 571 743 647 quasi
765 570 825 646 pari
851 570 912 628 iure
932 577 1031 629 tenere
1053 569 1214 646 continget!

210 654 290 714 Vale.

654 784 769 845 xxvii.
1224 754 1238 802 ‘¹'

499 884 525 934 G.
544 885 668 936 PLINIUS
684 884 809 935 SEVERO
828 885 888 936 SUO
905 885 932 939 S.

187 1004 201 1054 1
274 989 370 1064 Rogas
386 997 416 1047 ut
432 989 556 1064 cogitem
572 988 639 1066 quid
651 987 814 1065 designatus
831 987 932 1049 consul
947 989 974 1047 in
989 987 1126 1048 honorem
1139 989 1212 1065 prin-

212 1073 284 1150 cipis
307 1089 439 1131 censeas.
475 1069 577 1130 Facilis
598 1073 740 1147 inventio,
762 1087 818 1130 non
832 1071 924 1132 lacilis
940 1072 1060 1139 electio;
1080 1079 1125 1130 est
1140 1073 1211 1131 enim

212 1174 248 1217 ex
258 1155 406 1215 virtutibus
418 1155 480 1214 eius
495 1153 572 1231 larga
586 1157 715 1214 materia:
732 1155 852 1214 scribam
863 1165 955 1214 tamen
965 1155 1023 1230 vel,
1040 1154 1115 1232 quod
1126 1153 1210 1231 malo,
1224 1165 1254 1214 10

211 1256 306 1299 coram
325 1237 472 1314 indicabo,
491 1239 515 1296 si
531 1238 609 1315 prius
625 1238 838 1299 haesitationem
852 1256 942 1299 meam
957 1237 1120 1302 ostendero.
1153 1236 1211 1296 Du·

184 1323 269 1385 abito
284 1339 350 1380 num
366 1321 440 1381 idem
454 1321 505 1381 tibi
520 1322 641 1381 suadere
657 1322 732 1401 quod
743 1322 809 1381 mihi
821 1322 948 1382 debeam.
970 1321 1144 1398 Designatus
1156 1338 1211 1398 ego

213 1405 312 1467 consul
329 1407 403 1465 omni
418 1404 488 1482 hac,
514 1408 569 1465 etsi
584 1424 640 1466 non
655 1406 833 1484 adulatione,
855 1408 955 1484 specie
970 1414 1062 1466 tamen
1077 1403 1211 1465 adulatio·

210 1492 253 1549 nis
270 1490 404 1556 abstinui;
426 1505 482 1548 non
496 1497 637 1568 tamquam
652 1488 769 1550 liberet
785 1500 934 1566 constans,
951 1490 1003 1550 sed
1018 1499 1157 1568 tamquam
1172 1493 1211 1548 in·

211 1573 354 1650 tellegens
376 1573 513 1652 principis
533 1575 640 1651 nostri,
668 1576 747 1634 cuius
769 1572 899 1633 videbam
920 1574 992 1633 hanc
1012 1590 1080 1633 esse
1101 1574 1251 1651 praeci-15

185 1666 293 1737 3puam
308 1656 436 1733 laudem,
458 1661 483 1716 si
502 1656 570 1716 nihil
593 1659 672 1736 quasi
694 1675 730 1717 ex
744 1659 917 1718 necessitate
930 1656 1124 1718 decernerem.
1155 1656 1212 1717 Re-

213 1739 351 1800 cordabar
371 1743 455 1801 etiam
477 1740 613 1819 plurimos
635 1741 759 1802 honores
782 1743 908 1819 pessimo
930 1743 1033 1819 cuique
1049 1739 1176 1818 delatos,
1196 1758 1212 1799 a

212 1825 314 1903 quibus
331 1825 377 1883 hic
394 1826 517 1904 optimus
539 1828 665 1904 separari
685 1843 742 1885 non
761 1824 817 1886 alio
836 1828 925 1903 magis
941 1834 1053 1905 poterat
1074 1843 1156 1904 qnam
1172 1823 1211 1883 di·

211 1910 346 1967 versitate
369 1907 519 1977 censendi;
545 1909 621 1988 quod
636 1911 728 1989 ipsum
745 1927 801 1970 non
817 1908 1037 1970 dissimulatione
1054 1919 1083 1969 et
1098 1908 1211 1968 silentio

211 1993 362 2070 praeterii,
386 2011 423 2052 ne
444 1992 519 2052 forte
534 2010 591 2053 non
606 1994 738 2054 iudicium
752 1992 822 2053 illud
837 2012 930 2055 meum
944 1993 998 2055 sed
1013 1993 1118 2054 oblivio
1134 1992 1254 2052 vide-20

185 2081 297 2135 iretur.
330 2074 393 2136 lIoc
414 2085 481 2136 tunc
502 2094 573 2153 ego:
599 2078 729 2139 sednon
751 2079 880 2139 omnibus
901 2078 1001 2140 eadem
1021 2077 1136 2157 placent
1158 2094 1212 2137 nec

212 2159 383 2220 conveniunt
398 2160 519 2239 quidem.
552 2161 702 2223 Praeterea
715 2162 836 2223 faciendi
848 2163 952 2243 aliquid
964 2162 1011 2223 vel
1023 2180 1079 2223 non
1091 2159 1211 2222 faciendi

210 2260 278 2303 vera
293 2244 364 2303 ratio
387 2260 451 2304 cum
470 2244 612 2306 homiuum
633 2250 759 2325 ipsorum
775 2256 832 2306 tum
845 2263 939 2306 rerum
954 2249 1037 2305 ctiam
1052 2263 1086 2304 ac
1102 2254 1212 2323 tempo·

186 2332 272 2387 irum
288 2327 450 2388 conditIone
465 2339 593 2390 mutatur.
620 2330 691 2390 Nam
705 2331 831 2388 recentia
845 2345 932 2404 opera
946 2328 1057 2385 maximi
1073 2329 1213 2405 principis

210 2412 349 2488 praebent
365 2411 528 2473 facultatem
549 2430 622 2472 nova
645 2419 745 2488 magna
772 2426 838 2469 vera
860 2407 1004 2466 censendi.
1040 2405 1149 2479 Quibus
1172 2422 1254 2475 ex25

212 2496 322 2570 causis,
343 2504 373 2554 ut
395 2513 481 2574 supra
500 2496 620 2573 scripsi,
644 2494 740 2552 dubito
758 2509 793 2550 an
807 2488 882 2548 idem
896 2507 970 2550 nunc
985 2491 1035 2550 libi
1051 2491 1126 2569 quod
1142 2502 1211 2553 tunc

210 2577 276 2635 mihi
297 2576 437 2637 suadeam.
469 2576 541 2637 Illud
561 2592 616 2634 non
639 2574 735 2633 dubito
750 2571 885 2634 debuisse
900 2592 945 2635 me
960 2577 988 2634 in
1003 2585 1083 2654 parte
1099 2578 1211 2639 consilli

209 2663 250 2720 tui
266 2678 374 2741 ponere
390 2658 457 2737 quid
470 2661 532 2736 ipse
547 2657 691 2717 iecissem.
721 2653 801 2716 Vale.

640 2789 771 2850 XXVIII.

497 2885 525 2940 C.
542 2887 665 2940 PLINIUS
682 2889 798 2940 PONTIO
815 2889 875 2940 SUO
895 2889 921 2940 S.

183 3003 198 3053 l
270 2987 337 3046 Scio
359 3003 430 3065 quae
451 2990 502 3049 tibi
523 3008 608 3052 causa
627 2991 712 3054 luerit
733 2993 933 3072 impedimento
955 3012 1011 3072 qno
1025 2996 1115 3054 minus
1128 3012 1208 3073 prae-

210 3088 325 3132 currere
341 3069 491 3132 adventum
506 3092 598 3134 meum
609 3077 637 3136 in
649 3075 827 3156 Campaniam
842 3095 961 3156 posses:
976 3078 1028 3138 sed
1045 3096 1208 3157 quamquam

210 3157 324 3232 absens,
341 3164 417 3216 totus
433 3157 489 3218 huc
504 3161 642 3237 migrastI:
664 3170 768 3222 tantum
782 3162 848 3222 mihi
864 3165 1007 3242 copiarum
1022 3181 1076 3241 qua
1092 3163 1208 3222 urbana·

209 3260 270 3301 rum
294 3257 348 3320 qua
371 3243 538 3302 rusticarum
558 3246 670 3304 nomine
690 3255 738 3306 tuo
755 3247 878 3307 oblatum
893 3255 954 3324 est,
977 3264 1045 3324 quas
1062 3248 1151 3307 omnis
1168 3248 1251 3308 in·35

181 3326 300 3405 2pr0be
320 3327 421 3404 accepi
440 3333 541 3385 tamen.
575 3327 645 3388 Nam
669 3340 697 3390 et
716 3332 755 3390 tui
777 3341 807 3392 ut
828 3333 865 3391 ita
885 3331 1013 3391 lacerem
1027 3331 1165 3408 rogabant
1181 3339 1209 3392 et

208 3408 329 3467 verebar
341 3425 378 3467 ne
395 3416 424 3468 et
439 3410 504 3470 mihi
520 3419 549 3470 et
564 3411 619 3472 illis
636 3415 812 3493 irascereris,
828 3417 924 3476 sinon
939 3416 1081 3475 iecissem.
1110 3413 1142 3473 ln
1156 3430 1207 3490 po-

208 3501 330 3568 sterum,
346 3491 400 3552 nisi
414 3492 574 3555 adhibueris
590 3496 718 3578 modum,
735 3517 791 3578 ego
809 3498 958 3560 adhibebo.
984 3497 1075 3558 Etiam
1090 3500 1144 3558 tuis
1160 3496 1208 3556 de-

1217 2846 1252 2898 30
