2588 4116
451 162 718 224 PANEGYRICUS
738 174 782 228 61.
795 174 838 228 62.
1081 163 1143 228 277

137 326 264 377 cteretur
280 315 480 393 collegamque
496 325 524 376 te
538 334 593 375 non
608 317 654 376 uni
667 316 753 376 daret.
770 316 898 394 Uterque
911 334 1002 395 nuper
1014 317 1144 377 consula·

135 412 195 463 tum
209 400 327 460 alterum
341 408 489 476 gesserat,
506 418 522 460 a
537 411 617 479 patre
634 409 693 477 tuo,
709 400 794 459 idest
808 410 912 478 quanto
926 402 1016 461 minus
1032 419 1114 480 quam
1128 420 1145 461 a

135 495 165 546 te
182 483 288 544 datum!
305 485 451 562 utriusque
466 482 557 544 adbuc
573 483 665 544 oculis
681 484 768 562 paulo
783 493 848 545 ante
863 482 971 544 dimissi
982 485 1078 544 iasoes
1094 485 1144 544 ob·

135 568 283 645 errabant,
304 569 451 646 utriusque
467 566 613 628 sollemnis
629 567 679 627 ille
693 567 826 627 lictorum
845 576 874 627 et
889 570 1073 646 praenuntius
1089 567 1144 629 ola-

107 664 197 716 5mor
211 653 325 713 auribus
339 651 502 728 insederat,
520 670 583 710 oum
598 669 695 711 rursus
711 651 816 712 eurulis
831 670 988 730 rursusque
1002 670 1144 731 purpura;

135 744 166 796 ut
182 735 264 814 olim,
287 735 461 796 eumbostis
482 737 510 794 in
532 737 660 813 proximo
682 746 711 796 et
725 738 752 797 in
775 754 913 797 summum
931 736 1083 796 discrimen
1097 735 1144 795 ad·

136 821 218 880 ducta
239 839 287 881 res
309 819 423 899 publiea
446 830 595 898 expertum
614 819 769 881 bonoribus
793 821 883 879 virum
904 830 1060 898 posceret,
1089 838 1162 879 non·

136 903 299 966 consulatus
325 903 483 963 bominibus
511 903 617 981 isdem,
646 905 699 964 sed
731 904 806 964 idem
831 903 960 965 homines
994 903 1145 969 consulati,-

135 989 188 1048 bus
210 987 408 1047 reddebantur.
439 985 526 1048 Tanta
545 989 595 1049 tibi
616 988 691 1048 bene
712 987 834 1049 faciendi
855 989 900 1047 vis
922 996 952 1046 ut
972 987 1145 1064 indulgentia

90 1082 184 1137 rotua
209 1073 400 1131 necessitates
420 1070 584 1131 aemuletur.
626 1071 712 1131 blodo
740 1080 903 1151 praetextas
927 1081 1078 1140 exuerant3
1099 1090 1144 1131 re·
1197 1090 1200 1095 ⁴

134 1163 259 1216 sumant:
282 1154 366 1214 modo
389 1153 506 1213 lictores
527 1156 607 1215 abire
626 1156 783 1224 iusserant;
804 1164 956 1216 revocent:
979 1154 1064 1214 modo
1081 1173 1144 1232 gra-

133 1238 258 1299 tulantes
276 1239 357 1298 amici
378 1247 574 1306 recesserant;
599 1248 785 1301 revertantur.
822 1237 987 1297 Hominisne
1007 1238 1083 1297 istud
1104 1241 1144 1297 in·

133 1324 249 1400 genium
264 1331 325 1398 est,
347 1320 466 1382 bominis
489 1329 635 1399 potestas,
656 1338 797 1382 renovare
810 1319 928 1398 gaudia,
951 1320 1145 1397 redintegrare

133 1406 287 1483 laetitiam,
309 1405 412 1465 nullam
427 1405 555 1483 requiem
570 1404 803 1482 gratulationibus
818 1405 903 1482 dare,
924 1422 1018 1484 neque
1035 1404 1088 1465 alia
1099 1423 1145 1464 re·

92 1489 269 1570 repetendis
294 1489 489 1549 consulatibus
516 1488 664 1549 intervalla
690 1491 854 1568 permittere
880 1491 933 1549 nisi
959 1488 1023 1547 durn
1048 1488 1145 1548 liniun-

134 1570 201 1633 tur?
226 1571 326 1634 Facias
346 1574 401 1633 ista
421 1591 553 1651 semper,
577 1592 632 1634 neo
650 1591 780 1653 umquam
800 1576 828 1633 in
848 1573 904 1633 boo
919 1590 1009 1651 opere
1025 1581 1072 1632 aut
1088 1574 1146 1632 ani·

135 1676 198 1716 mus
214 1666 279 1717 tuus
294 1667 342 1717 aut
357 1656 469 1717 fortuna
485 1657 619 1719 lassetur.
641 1657 702 1719 Des
718 1657 944 1738 quamplurimis
961 1657 1062 1717 tertios
1078 1674 1145 1716 eou-

135 1740 260 1817 sulatus,
288 1751 317 1801 et
340 1759 404 1801 oum
424 1741 552 1820 plurimis
566 1743 667 1803 tertios
690 1741 854 1803 consulatus
870 1741 1003 1819 dederis,
1029 1758 1144 1820 semper

135 1833 226 1884 tannen
249 1824 346 1902 plures
367 1825 470 1903 quibus
487 1825 595 1886 debeas
618 1826 685 1886 dare
700 1828 853 1905 supersint.
887 1825 1015 1886 Omnium
1031 1825 1144 1904 quidem
1155 1816 1197 1880 62

91 1918 125 1970 20
136 1908 341 1968 beneficiorum
357 1926 430 1985 quae
445 1909 618 1968 merentibus
634 1910 789 1968 tribuuntur
804 1926 861 1969 non
877 1908 911 1968 ad
923 1911 1003 1987 ipsos
1015 1909 1146 1985 gaudium

134 1992 225 2049 maius
241 2008 324 2067 quam
338 1990 373 2048 ad
395 1990 502 2050 similes
523 1990 676 2051 redundat:
700 1993 856 2069 praecipue
874 2001 968 2051 tamen
989 2009 1026 2051 ex
1045 1992 1146 2051 borum

135 2072 285 2133 consulatu
301 2090 358 2131 non
373 2072 408 2133 ad
420 2081 530 2152 partem
545 2073 666 2152 aliquam
683 2083 816 2149 senatus,
839 2073 891 2135 sed
908 2074 943 2134 ad
958 2083 1047 2133 totum
1063 2092 1145 2134 sena-

133 2168 193 2219 tum
213 2165 288 2218 tauta
309 2157 415 2217 laetitia
435 2159 566 2236 pervenit
587 2166 617 2216 ut
638 2157 760 2217 eundem
781 2157 918 2217 bonorem
932 2173 1031 2217 omnes
1047 2158 1100 2217 sibi
1116 2167 1145 2217 et

136 2241 253 2302 dedisse
269 2249 298 2300 et
312 2240 466 2320 accepisse
480 2241 637 2301 videantur.
665 2239 779 2319 Nempe
795 2242 870 2300 enim
885 2240 913 2300 b'i
930 2250 995 2300 sunt
1010 2258 1082 2316 quos
1099 2259 1145 2300 se·

88 2336 235 2403 uenatus,
258 2343 322 2384 cunr
340 2324 465 2402 publicis
488 2325 645 2403 sumptibus
666 2324 824 2385 minuendis
846 2324 981 2403 optimum
1003 2341 1145 2402 quemque

134 2411 322 2488 praeluceret,
340 2409 446 2487 elegit,
464 2419 493 2469 et
510 2410 623 2487 quidem
638 2411 753 2488 primos.
777 2408 840 2468 Hoc
856 2417 901 2471 est
915 2409 1016 2485 igitur,
1032 2407 1088 2467 boc
1099 2415 1146 2467 est

134 2494 212 2572 quod
227 2494 340 2570 penitus
355 2493 422 2554 illos
437 2495 528 2553 animo
545 2491 677 2554 Caesaris
695 2493 853 2553 insinuavit.
880 2492 927 2552 An
941 2509 1039 2570 parum
1053 2508 1145 2569 saepe

135 2578 248 2654 experti
271 2593 366 2635 sumus
387 2578 460 2636 hane
482 2596 550 2638 esse
572 2595 666 2637 rerum
681 2577 873 2638 conditionem
887 2586 917 2636 ut
932 2585 1048 2637 senatus
1064 2575 1146 2635 iavor

134 2658 210 2739 apud
226 2660 385 2737 prinoipem
400 2669 447 2719 aut
463 2661 553 2739 prosit
568 2670 615 2720 aut
631 2659 758 2722 noceat?
789 2659 892 2720 Nonne
914 2660 1000 2738 paulo
1024 2668 1088 2719 ante
1104 2660 1145 2718 ni·

88 2743 175 2809 aohil
192 2744 282 2819 magis
304 2741 418 2802 exitiale
438 2752 498 2803 erat
521 2760 602 2821 quam
624 2743 672 2803 illa
687 2746 824 2823 principis
841 2745 977 2822 cogitatio
994 2743 1082 2804 ‘hune
1099 2761 1145 2803 se·

134 2836 216 2887 natus
234 2826 353 2904 probat,
376 2826 422 2885 bie
437 2828 547 2887 senatui
563 2844 646 2887 carus
661 2826 739 2888 est’?
761 2828 867 2889 Oderat
882 2846 954 2906 quos
970 2847 1023 2888 nos
1038 2845 1145 2887 amare·

136 2929 215 2987 mus,
243 2910 296 2968 sed
311 2919 340 2969 et
354 2926 406 2970 nos
424 2929 496 2988 quos
512 2910 571 2971 ille.
601 2909 683 2971 Nunc
697 2913 771 2973 inter
786 2913 945 2990 principem
961 2920 1146 2989 senatumque

136 2995 295 3071 dignissimi
313 2995 454 3072 cuiusque
470 2996 588 3055 caritate
604 3005 738 3055 certatur.
759 2995 993 3056 Demonstramus
1010 2995 1144 3068 invicem,

137 3078 278 3138 oredimus
300 3079 439 3155 invicem,
473 3078 608 3158 quodque
628 3081 775 3139 maximum
801 3080 904 3138 amoris
925 3077 1015 3136 mutui
1035 3079 1147 3151 signum

88 3172 126 3225 35
137 3172 192 3237 est,
206 3160 325 3220 eosdem
336 3178 468 3220 amanms.
491 3162 622 3240 Proinde,
636 3173 732 3241 patres
745 3160 913 3239 conscripti,
926 3159 1021 3219 favete
1034 3167 1145 3237 aperte,
1199 3206 1202 3211 .

137 3245 247 3320 diligite
269 3254 441 3305 constanter.
474 3243 538 3305 Non
558 3248 612 3305 iam
632 3244 848 3305 dissimulandos
867 3252 911 3303 est
925 3260 1019 3318 amor,
1046 3259 1082 3301 ne
1096 3257 1145 3299 no·

138 3338 218 3405 cept;
233 3345 289 3388 non
305 3328 489 3407 premendum
507 3330 619 3407 odium,
635 3348 672 3388 ne
688 3331 788 3406 prosit.
822 3326 930 3387 Eadem
945 3323 1052 3386 Caesar
1073 3343 1146 3404 quae

137 3420 251 3472 senatus
274 3413 375 3489 probat
396 3412 592 3491 inprobatque.
626 3411 686 3472 Vos
707 3410 756 3472 ille
777 3418 962 3490 praesentes,
988 3426 1041 3469 vos
1063 3411 1146 3468 etiam
