2588 4116
156 221 216 282 286
582 216 617 274 b.
633 212 731 275 PLINI

155 375 225 450 ipsis
234 369 347 449 quidem
359 368 491 428 haecluit
503 384 608 427 summa
620 373 787 425 votorumut
798 381 851 426 nos
865 365 907 424 sic
919 374 1047 425 amarent
1062 366 1099 425 dii
1108 383 1159 445 quo

156 455 240 515 modo
249 464 289 513 tu.
300 450 578 529 Estnevernmquod
586 448 1017 525 interistaclamavimus,‘onos
1025 446 1160 509 felices’?

157 538 312 612 Quidenim
323 535 436 595 felicius
443 535 536 611 nobis,
552 531 1160 611 quibusnoniamilludoptandumestutnos

157 622 254 698 diligat
267 622 413 698 princeps,
422 618 517 678 seddii
530 612 929 693 quemadmodumprinceps'l
943 613 1054 675 Civitas
1066 615 1160 693 religi·

157 706 257 766 onibus
265 703 358 763 dedita
370 719 542 781 semperque
555 699 672 759 deorum
685 697 886 777 indulgentiam
898 700 1006 777 pietate
1014 700 1116 759 merita
1124 702 1182 759 ui·5

157 780 1159 863 bilfelicitatisuaeputatadstruiposseuisiutdiiGaesaremimitentur.

106 878 145 940 75
220 871 277 930 Sed
294 869 359 948 quid
375 868 485 945 singula
502 877 656 928 consector
670 875 699 926 et
715 864 841 943 colligo?
862 868 942 946 quasi
956 883 1029 925 vero
1041 877 1090 927 aut
1101 884 1159 926 ora·

156 958 232 1016 tione
248 953 390 1031 conplecti
406 960 453 1011 aut
466 951 601 1011 memoria
619 952 756 1028 consequi
772 951 880 1029 possim
895 966 968 1028 quae
984 968 1051 1027 vos,
1067 960 1160 1029 patres

156 1038 327 1114 conscripti,
344 1052 450 1113 nequa
466 1035 651 1112 interciperet
667 1032 784 1111 oblivio,
803 1044 832 1093 et
845 1035 873 1091 in
889 1033 1005 1111 publica
1021 1043 1085 1094 acta
1101 1035 1159 1094 mit·

155 1119 238 1181 tenda
259 1128 289 1179 et
308 1117 456 1178 incidenda
474 1120 502 1176 in
522 1136 590 1185 aere
606 1119 768 1178 censuistis.
802 1116 877 1176 Ante
892 1119 1039 1177 orationes
1058 1119 1195 1196 princi-lt

155 1223 221 1283 punr
236 1212 341 1263 tantum
357 1204 417 1262 eius
434 1200 508 1260 modi
530 1219 639 1278 genero
661 1210 904 1261 monumentorum
920 1200 1044 1260 mandari
1069 1211 1158 1261 aeter·

156 1288 233 1347 nitati
254 1286 400 1346 solebant:
426 1285 644 1345 adclamationes
667 1284 779 1363 quidem
800 1292 913 1343 nostrae
935 1283 1093 1361 parietibus
1111 1301 1160 1365 cu·

156 1373 214 1431 riae
231 1370 440 1430 claudebantur.
463 1368 549 1429 Erant
568 1370 642 1428 enirn
654 1367 756 1446 quibus
771 1385 826 1427 nec
840 1376 955 1427 senatus
971 1366 1088 1444 gloriari
1109 1385 1161 1427 nec

157 1457 301 1532 principes
318 1463 447 1530 possent.
462 1451 519 1513 Has
533 1471 603 1512 vero
618 1462 647 1511 et
661 1454 688 1510 in
703 1450 806 1529 vulgus
822 1453 901 1510 exire
914 1460 943 1512 ct
955 1453 1082 1529 posteris
1097 1469 1160 1529 pro-

157 1538 183 1597 di
202 1555 265 1598 cunr
280 1555 316 1596 ex
334 1536 450 1596 utilitate
471 1546 529 1596 tom
549 1556 585 1596 ex
606 1536 741 1612 dignitate
758 1534 871 1613 publica
886 1533 952 1594 fuit:
974 1536 1110 1613 primurn,
1131 1543 1194 1596 utlt

157 1623 233 1681 orbis
250 1630 385 1681 terrarum
401 1622 512 1696 pietatis
531 1629 643 1680 nostrae
666 1619 848 1679 adhiberetur
862 1620 943 1678 testis
960 1627 991 1677 et
1011 1620 1158 1687 conscius;

156 1704 268 1779 deinde,
284 1712 315 1762 ut
330 1702 506 1762 manifestum
518 1711 597 1763 essct
608 1701 714 1763 audere
726 1721 778 1763 nos
791 1702 825 1762 de
838 1702 919 1762 bonis
936 1701 1075 1782 malisque
1086 1704 1158 1779 prin-

157 1788 268 1863 cipibus
283 1804 339 1844 non
355 1794 460 1844 tantum
475 1795 541 1863 post
556 1788 636 1863 ipsos
651 1787 789 1854 iudicare;
811 1793 973 1864 postremo,
997 1795 1027 1845 ut
1046 1787 1156 1862 euperi-
1197 1798 1201 1812 ·

154 1877 249 1928 mento
267 1877 494 1945 cognosceretur
512 1879 541 1929 et
556 1878 619 1929 ante
638 1887 690 1930 nos
705 1879 819 1949 gratos,
840 1869 893 1930 sed
913 1871 1035 1931 miseros
1055 1869 1154 1946 luisse,

156 1953 257 2030 quibus
273 1968 407 2012 essenos
423 1962 520 2029 gratos
537 1953 658 2031 probare
674 1964 755 2015 antea
773 1970 829 2013 non
844 1953 934 2013 licuit.
965 1954 1005 2013 At
1020 1971 1074 2032 qua
1090 1968 1153 2012 con·
1163 1961 1194 2014 20

155 2039 298 2112 tentione,
315 2054 371 2114 quo
386 2037 465 2115 nisti,
482 2039 585 2116 quibus
598 2037 766 2098 clamoribus
780 2036 990 2115 expostulatum
1005 2046 1050 2099 est
1062 2056 1097 2097 ne
1112 2036 1156 2095 ad·

68 2134 77 2145 ”
156 2120 249 2180 lcctus
264 2131 394 2192 nostros,
417 2139 453 2180 nc
468 2130 513 2180 tua
529 2124 626 2181 merita
643 2124 853 2200 supprimeres,
875 2120 997 2199 denique
1019 2122 1092 2181 utin
1108 2137 1156 2199 po-

156 2215 261 2264 sterum
280 2203 413 2282 exemplo
429 2205 611 2283 provideres!
638 2204 756 2265 Discunt
772 2214 801 2265 et
815 2206 961 2284 principes
977 2204 1157 2265 adclamatio·

155 2308 207 2349 nes
228 2308 311 2349 veras
332 2288 477 2367 falsasque
501 2289 664 2349 discernere
686 2290 863 2368 habeantque
882 2291 1007 2348 muneris
1023 2290 1063 2348 tui
1082 2289 1157 2368 quod

155 2376 208 2433 iam
225 2372 320 2453 decipi
337 2390 393 2431 non
409 2382 553 2451 poterunt.
579 2371 643 2431 Non
658 2373 849 2434 instruendum
864 2372 919 2432 illis
935 2374 990 2432 iter
1004 2372 1038 2432 ad
1055 2373 1192 2433 bonamtt

154 2457 264 2532 sarnam,
279 2456 329 2518 sed
337 2475 394 2516 non
402 2456 601 2533 deserendum,
614 2473 670 2516 non
681 2456 881 2517 summovenda
893 2455 1026 2534 adulatio,
1038 2455 1091 2516 sed
1099 2470 1158 2515 non

153 2539 315 2600 reducenda
328 2550 380 2600 est.
399 2539 513 2602 Certum
526 2549 570 2599 est
582 2549 611 2599 ct
624 2558 697 2617 quae
710 2540 807 2601 lacere
821 2550 930 2619 etquae
944 2539 1067 2601 debeant
1079 2539 1156 2599 audi·

153 2642 196 2699 re,
211 2624 234 2682 si
247 2622 358 2684 faciant.
374 2622 449 2697 Quid
460 2641 534 2682 nunc
547 2640 603 2699 ego
612 2640 741 2701 superea
753 2642 825 2703 quac
836 2643 898 2685 sum
910 2642 973 2684 curn
984 2634 1046 2685 toto
1057 2633 1157 2684 senatu

154 2716 286 2785 precatus
301 2726 353 2785 pro
368 2716 467 2767 senatu
483 2724 597 2784 precer,
614 2709 666 2768 nisi
680 2716 711 2767 ut
724 2708 838 2770 haereat
852 2710 943 2768 animo
960 2718 1008 2768 tuo
1024 2707 1158 2785 gaudium

154 2790 230 2869 qnod
244 2801 310 2851 tunc
324 2789 414 2851 oculis
426 2788 589 2869 protulisti?
609 2792 696 2852 Aunes
709 2791 786 2850 illurn
799 2792 881 2866 diem,
899 2802 928 2852 et
941 2801 1034 2853 tamen
1047 2794 1192 2870 vincas,30

152 2893 227 2934 nova
238 2876 384 2949 merearis,
398 2891 472 2933 nova
484 2874 595 2935 audias:
608 2875 708 2935 eadem
722 2878 795 2936 enim
809 2876 863 2935 dici
876 2876 930 2935 nisi
943 2878 980 2937 od
994 2877 1104 2938 eodem
1117 2876 1157 2936 la·

101 2957 142 3022 76
154 2968 198 3019 cta
210 2978 266 3020 non
279 2967 407 3037 possunt.
422 2955 479 3019 lam
492 2962 733 3039 quamantiquum,
749 2979 831 3040 quam
845 2959 1006 3038 consulare,
1020 2959 1097 3038 quod
1109 2962 1157 3021 tri·

152 3044 236 3103 duum
251 3053 341 3105 toturn
356 3052 471 3103 senatus
486 3044 539 3103 sub
557 3042 690 3123 exemplo
706 3047 745 3104 tui
764 3044 855 3121 sedit,
878 3062 941 3103 cum
961 3047 1071 3105 interea
1087 3043 1156 3104 nihil

150 3140 266 3208 practer
287 3127 434 3189 consulem
450 3127 567 3206 ageres!
596 3127 784 3205 Interrogavit
803 3132 924 3207 quisque
943 3128 1019 3206 quod
1033 3127 1155 3206 placuit:

151 3213 312 3289 dissentire,
330 3213 491 3289 discedere,
510 3223 539 3273 et
555 3214 665 3290 copiam
679 3213 773 3272 iudicii
791 3214 833 3272 sui
848 3214 890 3272 rei
906 3212 1039 3292 publicae
1055 3212 1193 3273 facere35

150 3306 245 3357 tntnm
257 3298 330 3374 salt:
354 3296 475 3357 consulti
492 3314 590 3357 omnes
606 3307 691 3374 atque
707 3298 790 3356 etiarn
808 3295 972 3356 dinumerati
986 3313 1101 3371 sumus,
1115 3299 1156 3355 vi·

151 3382 245 3455 citquc
266 3383 407 3441 sententia
424 3398 480 3439 non
501 3383 589 3457 prima
611 3379 662 3440 sed
685 3379 793 3440 molior,
825 3381 864 3440 At
886 3382 948 3459 quis
963 3390 1045 3440 antea
1063 3378 1153 3457 loqui,

150 3463 214 3540 cquis
231 3461 345 3523 biscere
360 3463 480 3523 audebat
495 3473 608 3542 praeter
623 3464 743 3524 miseros
756 3464 821 3523 illos
836 3466 883 3542 qui
899 3465 980 3542 primi
995 3466 1154 3540 interroga·
