2588 4116
583 210 614 270 Ο.
638 209 734 269 l'LlNl

628 360 690 421 Vll.

433 461 459 511 o.
478 459 602 511 PL1N1US
620 458 762 509 mscnrno
782 457 841 508 suo
861 457 887 510 S.

132 591 147 641 1
221 578 297 639 llere
311 597 328 639 a
342 587 441 640 senatu
455 577 598 638 Vestricio
613 578 770 656 Spurinnae
785 578 914 656 principe
929 585 1047 637 auctore
1065 580 1160 638 triurn-

157 661 249 741 pbalis
267 671 359 723 statua
379 660 495 721 decreta
515 669 577 737 est,
602 678 658 720 non
678 664 716 721 ita
738 671 767 720 ut
788 659 882 719 multis
900 661 947 737 qui
969 679 1117 738 numquam
1133 666 1160 721 iu

157 746 220 805 acie
241 754 396 821 steterunt,
418 760 567 821 numquam
592 753 683 804 castra
704 743 850 821 viderunt,
874 762 1022 822 numquam
1037 745 1187 824 deniques

157 829 286 887 tubarum
301 845 401 888 sonum
416 828 470 887 nisi
486 829 514 885 in
529 827 703 905 spectaculis
718 827 875 903 audierunt,
893 845 992 886 verum
1002 836 1032 887 ut
1043 827 1100 888 illis
1113 832 1160 906 qui

132 910 246 986 ddecus
261 910 338 970 istud
353 909 457 970 sudore
474 918 503 969 et
516 913 652 987 sanguine
669 920 698 970 et
716 909 799 970 iactis
820 910 1057 987 adsequebantur.
1090 911 1159 970 Nam

157 992 295 1069 Spurinna
310 993 478 1052 Bructerum
489 1010 589 1069 regem
600 996 628 1052 vi
641 1003 669 1053 et
680 994 763 1053 armis
775 993 882 1052 induxit
894 996 921 1051 iu
933 1011 1052 1071 regnum
1065 1004 1159 1055 osten·

155 1083 272 1153 tatoque
294 1075 372 1134 bello
390 1075 597 1135 ferocissimam
617 1086 750 1153 gentem,
778 1077 854 1155 quod
875 1085 919 1135 est
940 1076 1159 1155 pulcherrimum

130 1159 293 1222 arietoriae
314 1177 424 1237 genus,
446 1167 555 1218 terrore
578 1158 745 1237 perdomuit.
779 1156 817 1218 nr
839 1159 896 1218 boc
917 1160 1031 1237 quidem
1047 1163 1157 1221 virtutis
1168 1180 1198 1232 10

156 1243 321 1319 praemium,
337 1241 406 1301 illud
423 1240 559 1304 solacium
573 1241 680 1302 doloris
697 1243 828 1319 aceepit,
848 1242 924 1320 quod
939 1241 997 1303 lilio
1013 1244 1074 1304 eius
1092 1242 1158 1304 Got-

156 1325 207 1401 tio,
224 1343 307 1403 quem
320 1326 411 1386 amisit
426 1326 549 1402 absens,
570 1323 681 1385 babitus
697 1334 741 1384 est
755 1324 848 1385 bonor
862 1334 980 1385 statuae.
1013 1325 1116 1385 Rarum
1131 1328 1158 1385 id

154 1409 183 1467 in
199 1410 317 1470 iuvene:
337 1409 390 1469 sed
404 1418 486 1488 pater
500 1408 556 1467 boc
572 1426 686 1486 quoque
702 1409 874 1485 merebatur,
891 1411 970 1468 cuius
991 1411 1157 1485 gravissimo

132 1490 267 1554 tvulneri
280 1509 387 1575 magno·
396 1490 491 1569 aliquo
506 1490 632 1551 fomento
652 1490 821 1551 medendum
835 1491 896 1550 luit.
925 1489 1076 1551 Praeterea
1091 1491 1158 1552 Got-

156 1576 211 1633 tius
226 1575 289 1651 ipse
305 1583 360 1632 tam
376 1573 482 1632 clarum
496 1575 644 1652 specimen
658 1573 760 1633 indolis
777 1572 893 1633 dederat
904 1581 934 1631 ut
947 1575 1005 1631 vita
1019 1575 1081 1633 eius
1094 1576 1159 1634 bre·
1168 1588 1198 1640 15

155 1658 199 1714 ris
216 1664 246 1714 et
267 1665 385 1732 angusta
402 1655 533 1717 debuerit
547 1657 600 1716 bac
615 1655 695 1717 velut
711 1654 909 1716 inmortalitate
924 1654 1055 1734 proferri.
1087 1656 1157 1717 Nam

155 1746 230 1797 tanta
244 1739 271 1797 ei
291 1739 443 1816 sanctitas,
459 1742 599 1817 gravitas,
624 1741 776 1800 auctoritas
792 1739 891 1816 etiam,
908 1747 937 1798 ut
953 1748 1056 1817 posset
1072 1760 1157 1801 senes

155 1818 221 1881 illos
243 1838 403 1900 provocare
424 1824 547 1900 virtute,
571 1824 672 1902 quibus
693 1841 768 1883 nunc
788 1822 896 1882 honore
913 1821 1085 1900 adaequatus
1102 1835 1155 1884 est.

128 1902 220 1974 oQuo
236 1904 350 1983 quidem
364 1905 491 1984 bonore,
510 1916 642 1985 quantum
657 1924 713 1983 ego
728 1908 918 1984 interpretor,
936 1923 992 1966 nou
1008 1907 1092 1965 modo
1108 1908 1157 1966 de·

155 1985 244 2047 iuncti
264 1991 433 2067 memoriae,
455 1989 546 2050 dolori
560 1993 659 2068 patris,
674 2007 773 2050 verum
788 1991 872 2049 etiam
888 1990 1020 2068 exemplo
1036 2007 1198 2068 prospe-20

155 2079 231 2130 otum
247 2081 301 2132 est.
333 2074 447 2134 Acuent
466 2073 501 2133 ad
524 2074 613 2134 bonas
635 2082 711 2134 artes
735 2076 910 2134 iuventutem
926 2073 1156 2134 adulescentibus

79 2163 84 2171 '
155 2171 281 2233 quoque,
299 2156 375 2235 digni
386 2159 442 2218 sint
456 2157 551 2235 modo,
568 2166 643 2218 tanta
654 2160 777 2236 praemia
790 2159 954 2234 constituta,
969 2166 1070 2217 acuent
1082 2158 1157 2234 prin·

155 2239 236 2316 cipes
251 2241 328 2300 viros
345 2239 380 2301 ad
395 2240 502 2302 liberos
524 2241 723 2318 suscipiendos
745 2250 774 2301 et
789 2241 890 2316 gaudia
905 2259 942 2299 ex
956 2241 1156 2318 superstitibus

129 2330 184 2392 fiet
199 2340 237 2382 ex
257 2326 367 2384 amissis
387 2333 443 2384 tam
460 2324 586 2401 gloriosa
603 2323 717 2382 solacia.
750 2323 801 2380 llis
819 2340 856 2379 ex
874 2323 966 2380 causis
982 2331 1072 2381 statua
1088 2321 1156 2382 Got-

153 2407 174 2464 ti
190 2405 306 2483 publice
319 2406 427 2480 laetor,
450 2424 505 2465 nec
525 2406 654 2481 privatim
668 2405 768 2460 minus.
803 2400 901 2459 Amavi
918 2407 1198 2476 consummissi-25

152 2504 226 2543 mum
246 2489 377 2545 iuvenem
400 2496 455 2544 tam
476 2486 624 2559 ardenter,
653 2501 735 2560 quam
756 2500 830 2541 nune
846 2485 1015 2560 inpatienter
1029 2489 1153 2562 requiro.

151 2566 213 2625 Erit
229 2585 299 2643 ergo
316 2575 478 2644 pergratum
493 2565 558 2624 mibi
579 2565 651 2624 banc
672 2564 798 2641 elligiem
821 2567 882 2625 eius
906 2566 1025 2627 subinde
1040 2569 1153 2646 intueri,

152 2647 271 2707 subinde
282 2650 443 2726 respicere,
459 2651 512 2709 sub
524 2648 578 2708 bae
590 2650 761 2725 consistere,
774 2657 889 2727 praeter
899 2648 971 2709 banc
985 2669 1153 2713 commeare.

125 2728 263 2794 tiltenim
277 2733 302 2791 si
317 2730 513 2792 defunctorum
526 2734 663 2809 imagines
679 2731 753 2792 domi
763 2733 875 2810 positae
889 2732 1017 2794 dolorem
1028 2747 1155 2796 nostrum

43 2870 45 2874 Α
151 2811 257 2890 lerant,
274 2822 377 2892 quanto
391 2818 480 2895 magis
496 2816 549 2876 bae
565 2817 666 2894 quibus
680 2816 708 2874 in
721 2814 909 2876 celeberrimo
920 2815 986 2876 loco
999 2836 1055 2878 non
1069 2821 1153 2880 modo
1162 2844 1196 2897 30

149 2899 269 3037 {ppeies
291 2906 321 2958 et
342 2896 437 2958 vultus
456 2899 570 2960 illorum
584 2899 636 2960 sed
650 2898 742 2958 bonor
759 2901 842 2959 etiam
856 2909 886 2960 et
903 2899 994 2977 gloria
1008 2901 1153 2963 refertur?

177 2996 192 3037 a
205 2998 230 3038 e.

614 3065 690 3124 Vlll.

430 3162 457 3216 c.
477 3162 600 3214 surmus
621 3162 750 3213 canuno
767 3162 827 3214 suo
845 3165 871 3214 s.

125 3273 140 3323 l
213 3263 317 3325 Studes
338 3281 373 3323 an
394 3265 514 3342 piscaris
536 3282 571 3323 an
591 3267 704 3325 venaris
727 3285 761 3326 au
783 3266 865 3327 simul
887 3265 998 3327 omnia?
1029 3269 1151 3329 Possunt
1160 3280 1194 3332 35

68 3386 72 3392 ·
151 3347 225 3405 enim
241 3349 332 3407 omnia
346 3346 428 3408 simul
445 3347 505 3406 fieri
520 3347 555 3407 ad
567 3346 675 3407 larium
690 3359 825 3410 nostrum.
848 3347 918 3410 Nam
933 3350 1013 3411 lacus
1029 3354 1150 3430 piscem,

148 3426 226 3490 ieras
240 3428 330 3490 silvae
345 3431 447 3509 quibus
463 3430 542 3491 lacus
560 3432 697 3509 cingitur,
713 3433 804 3493 studia
818 3432 969 3495 altissimus
980 3436 1034 3496 iste
1052 3454 1151 3496 seces-
