2588 4116
223 218 285 285 144
643 212 675 273 Ο.
699 212 796 272 PLlNl

224 370 393 431 mandantur.
417 366 481 440 Quo
499 384 615 425 munere
630 364 734 424 Fannia
750 364 813 423 dum
828 364 928 425 sedulo
944 365 1080 442 iungitur,
1097 365 1155 424 hoc
1172 366 1228 427 dis-

199 455 342 518 3crimiue
359 450 485 526 inplicita
500 458 553 509 est.
590 447 714 509 Insident
730 448 839 525 febres,
853 451 940 508 tussis
955 450 1103 525 increscit,
1121 466 1228 513 summa

227 538 344 611 macies,
361 552 465 594 summa
484 531 625 592 delectio:
642 534 748 592 animus
766 540 870 591 tantum
887 541 917 591 et
931 532 1047 608 spiritus
1063 533 1145 608 viget
1159 532 1228 591 llel·

226 620 303 680 ridio
318 620 428 694 marito,
443 615 567 675 Thrasea
582 624 662 693 petre
678 614 873 692 dignissimum
895 613 1004 692 reliqua
1022 614 1153 674 labuntur
1171 635 1227 676 rne-

200 714 283 781 dque
303 719 358 761 non
378 710 454 759 metu
472 707 575 758 tantum
596 717 693 758 verum
715 700 798 757 etiam
819 697 918 758 dolore
940 698 1099 758 conficiunt.
1131 697 1252 762 Doleas

228 789 301 847 euim
317 785 447 844 feminam
463 783 696 860 maximam'eripi
712 781 804 843 oculis
816 783 949 859 civitatis,
965 783 1063 841 nescio
1077 800 1111 841 au
1122 781 1229 860 aliquid

229 869 320 931 simile
335 869 446 927 visuris.
480 864 560 938 Quae
575 866 689 926 castitas
704 865 760 925 illi!
784 883 855 943 quae
877 866 1024 941 sanctitas!
1047 875 1151 943 quanta
1165 884 1229 943 gra·

228 950 312 1011 vitas!
338 960 439 1028 quanta
462 948 631 1010 constantia!
654 948 703 1009 Bis
723 950 848 1009 maritum
869 958 967 1009 secuta
984 951 1011 1007 in
1036 949 1151 1008 exilium
1171 960 1226 1027 est,

203 1037 311 1097 5tertio
330 1036 391 1112 ipsa
407 1043 525 1112 propter
541 1035 667 1092 maritum
688 1031 825 1109 relegata.
852 1031 923 1091 Nam
942 1049 1005 1092 cunr
1022 1032 1146 1092 Senecio
1160 1052 1228 1093 reus

229 1127 324 1194 esset,
340 1117 416 1196 quod
432 1118 467 1177 de
484 1119 543 1176 uita
559 1114 670 1176 Helvidi
685 1116 773 1177 libros
789 1118 1016 1194 composuisset,
1040 1126 1226 1195 rogatumque
1237 1131 1267 1182 10

229 1221 261 1262 se
279 1219 294 1260 a
308 1201 411 1261 Fannia
426 1202 453 1258 in
469 1199 634 1260 defensioue
649 1200 783 1276 dixisset,
807 1209 961 1276 quaerente
978 1201 1124 1260 minaciter
1139 1199 1228 1261 Metio

230 1282 303 1344 Caro
327 1304 361 1344 an
377 1293 511 1362 rogasset
529 1282 677 1362 respondit
698 1286 837 1361 bogari,
860 1301 894 1342 an
920 1286 1136 1344 commentarios
1157 1287 1228 1344 scri·

230 1377 313 1448 pturo
327 1368 464 1446 dedisset,
478 1366 581 1445 ‘dedi’,
596 1386 630 1427 an
642 1370 751 1428 sciente
764 1376 862 1443 matre,
879 1369 1065 1435 ‘nesciente'3
1081 1377 1228 1445 postremo

204 1451 334 1516 duellam
348 1469 450 1510 vocenr
463 1451 611 1511 cedentem
625 1450 754 1528 periculo
766 1450 867 1509 emisit.
889 1448 963 1522 Quin
975 1453 1057 1509 etiam
1069 1449 1134 1511 illos
1149 1452 1228 1528 ipsos

232 1536 335 1609 libros,
359 1552 523 1612 quamquam
545 1552 582 1593 ex
601 1536 773 1594 necessitate
795 1543 824 1593 et
839 1542 915 1592 metu
931 1543 1089 1611 temporum
1106 1534 1228 1594 abolitos
1238 1552 1267 1602 15

232 1626 345 1679 senatus
358 1617 505 1693 consulto,
522 1616 672 1695 publicatis
687 1617 770 1677 bonis
789 1619 910 1677 servarit
931 1617 1043 1693 babuit,
1065 1616 1185 1695 tulitque
1201 1621 1229 1676 in

207 1701 344 1765 texilium
368 1699 446 1759 exilii
469 1718 590 1764 causam.
629 1699 736 1761 Eadem
759 1719 839 1778 quam
861 1701 996 1778 iucunda,
1024 1718 1105 1778 quam
1128 1704 1227 1778 comis,

232 1803 315 1861 quam
336 1782 474 1861 denique,
497 1783 572 1863 quod
597 1787 695 1862 paucis
718 1783 810 1844 datum
832 1795 891 1861 est,
914 1802 970 1843 uon
993 1786 1082 1844 minus
1103 1784 1228 1844 amabilis

232 1885 314 1944 quam
332 1867 507 1928 veneranda!
527 1867 625 1929 Eritne
647 1887 728 1947 quam
742 1878 842 1947 postea
863 1869 999 1927 uxoribus
1014 1869 1118 1929 nostris
1133 1879 1228 1928 osten·

231 1959 290 2010 tare
306 1949 470 2029 possimus?
488 1954 540 2013 erit
560 1973 575 2014 a
591 1971 644 2032 qua
658 1955 710 2012 viri
725 1969 838 2031 quoque
854 1952 1023 2013 fortitudinis
1040 1952 1168 2030 exempla
1182 1960 1270 2011 suat

231 2032 358 2096 mamus?
386 2053 468 2114 quam
490 2039 533 2097 sio
558 2047 707 2098 cernentes
729 2037 932 2115 audientesque
958 2038 1090 2094 miremur
1111 2045 1140 2094 ut
1166 2033 1229 2093 illas

205 2127 305 2197 8quae
321 2118 474 2196 leguntur?
506 2121 550 2180 Ac
568 2121 633 2180 milri
650 2121 747 2181 domus
762 2122 824 2197 ipsa
838 2129 935 2180 nutare
949 2118 1140 2197 convulsaque
1156 2118 1229 2178 sedi·

232 2203 285 2262 bus
307 2205 365 2264 suis
385 2207 491 2266 ruitura
511 2223 596 2284 supra
617 2205 743 2280 videtur,
764 2203 833 2263 licet
854 2204 944 2263 adhuc
965 2211 1097 2278 posteros
1119 2203 1230 2261 hebeat.

234 2285 351 2359 Quantis
369 2291 442 2349 enim
456 2290 605 2349 virtutibus
620 2291 786 2365 quantisque
808 2285 891 2344 lactis
906 2285 1096 2360 adsequentur
1112 2295 1143 2344 ut
1159 2284 1232 2345 haec

206 2379 287 2432 9non
306 2374 459 2433 novissima
478 2368 636 2431 occiderit?
668 2368 714 2427 Me
735 2366 847 2442 quidem
866 2364 935 2422 illud
957 2366 1040 2422 etiam
1065 2364 1176 2440 adfligit
1204 2378 1271 2432 etas

232 2463 347 2531 torquet
370 2455 445 2530 quod
471 2463 587 2512 matrem
608 2454 684 2526 eius,
708 2447 783 2507 illam
800 2446 882 2523 (nihil
898 2463 1014 2524 possum
1027 2444 1171 2507 inlustrius
1190 2450 1233 2508 di·

233 2536 314 2612 cere)
333 2544 426 2593 tantae
448 2536 567 2592 feminae
588 2542 719 2605 matrem,
743 2546 841 2589 rursus
862 2529 962 2589 videor
984 2530 1128 2607 amittere,
1146 2550 1233 2609 quam

231 2618 319 2693 baec,
343 2626 374 2675 ut
394 2616 484 2674 reddit
505 2633 539 2673 ac
558 2614 647 2686 refert
667 2611 765 2688 nobis,
788 2614 830 2672 sic
845 2613 955 2674 auferet
970 2632 1067 2673 secum
1082 2632 1186 2693 meque
1203 2627 1232 2676 et

191 2713 306 2763 lonovo
328 2701 432 2775 pariter
457 2707 486 2756 et
511 2699 637 2757 rescisso
660 2696 777 2756 vulnere
802 2696 923 2758 adiiciet.
963 2698 1115 2776 Utramque
1142 2701 1228 2776 colui,

231 2791 378 2858 utramque
397 2779 497 2848 dilexi;
523 2789 611 2841 utram
628 2783 719 2858 magis
737 2781 853 2858 nescio,
875 2801 929 2841 uec
948 2782 1070 2844 discerni
1085 2783 1270 2842 volebant30

230 2864 392 2923 Habuerunt
408 2864 502 2924 ollicia
517 2883 579 2925 mea
593 2867 620 2926 in
636 2864 780 2941 secundis,
796 2865 951 2926 habuerunt
962 2869 990 2925 in
1004 2867 1141 2926 adversis.
1164 2865 1229 2943 Ego

232 2946 367 3007 solacium
387 2947 592 3028 relegatarum,
617 2969 672 3030 ego
687 2950 763 3009 ultor
776 2968 967 3020 reversorum
991 2968 1046 3009 non
1063 2950 1120 3008 feci
1137 2959 1230 3010 tamen

231 3031 323 3109 paria,
352 3041 437 3111 atque
458 3051 494 3094 eo
517 3038 606 3112 magis
628 3036 699 3095 banc
716 3035 801 3113 cupio
822 3038 943 3112 serrari,
970 3044 1000 3093 ut
1015 3035 1081 3093 mihi
1101 3032 1229 3094 solvendi

190 3125 223 3178 11
233 3124 361 3194 tempora
376 3121 528 3198 supersint.
561 3119 592 3178 ln
609 3121 653 3181 his
673 3136 749 3179 eram
767 3119 859 3195 curis,
890 3137 952 3179 curn
967 3118 1121 3178 scriberem
1135 3117 1170 3176 ad
1185 3126 1228 3184 te;

231 3218 301 3345 quqs
317 3203 341 3262 si
356 3203 425 3265 deus
440 3204 541 3283 aliquis
557 3207 584 3263 in
600 3205 729 3282 gaudium
743 3204 877 3280 verterit,
900 3202 935 3263 de
950 3212 1026 3263 metu
1045 3219 1101 3261 non
1117 3218 1227 3280 querar.
1237 3209 1271 3264 35

258 3304 272 3344 a
286 3306 311 3346 e.

65 3714 229 3808 A
