2588 4116
223 230 283 292 128
643 227 675 286 G.
698 225 793 286 PLlNl

181 390 276 448 locst.
309 378 408 440 Tuitus
430 395 491 438 sum
512 376 613 437 Iulium
626 377 760 456 Bassum,
781 386 813 437 ut
827 377 1025 437 incustoditum
1039 374 1121 434 nimis
1138 385 1168 435 et
1183 377 1227 434 iu-

222 473 333 525 cuutum
347 465 385 523 ita
401 464 513 523 minime
526 462 642 530 malum;
663 462 802 522 iudicibus
819 463 947 537 acceptis
961 463 988 519 in
1000 470 1099 520 senatu
1114 478 1225 519 remou-

184 562 210 613 ιι
222 549 270 608 sit.
291 547 357 607 Dixi
373 549 499 626 proxime
514 563 567 624 pro
582 545 714 623 Vareno,
729 545 892 623 postulante
906 553 937 603 ut
951 546 1005 604 sibi
1017 546 1140 603 invicem
1154 561 1225 603 evo·

223 651 290 691 care
311 641 402 692 testes
424 629 541 699 liceret;
562 631 740 707 impetratum
761 638 814 692 est.
844 629 876 688 lu
899 638 1043 708 posterum
1059 637 1129 705 opto
1146 637 1177 687 ut
1191 646 1226 688 ea

222 718 398 793 potissimum
413 715 512 774 iubear
528 732 600 792 quae
622 732 667 771 me
683 712 784 772 deceat
797 713 845 771 vel
866 722 969 790 sponte
991 712 1107 771 iecisse.
1141 710 1249 774 Valeo
1286 768 1289 774 .

675 844 765 906 XXX.

396 942 423 995 c.
444 942 568 992 ruinius
586 943 713 994 snonro
731 941 919 994 cuosoouuo
939 941 998 992 suo
1018 940 1044 993 s

197 1066 212 1115 1
284 1049 430 1109 Debemus
444 1067 489 1107 me
502 1048 627 1110 Hercule
642 1050 751 1110 natales
765 1060 830 1111 tuos
846 1049 963 1128 perinde
974 1067 1008 1109 ao
1019 1059 1134 1110 nostros
1146 1049 1222 1110 cele-

221 1135 315 1210 brare,
333 1152 396 1193 cum
410 1133 518 1194 laetitia
533 1144 692 1194 nostrorum
707 1153 744 1194 ex
758 1137 812 1195 tuis
827 1134 965 1213 pendeat,
983 1136 1061 1193 ouius
1079 1133 1222 1211 diligentia
1231 1141 1265 1193 lo

196 1226 251 1281 tet
267 1236 334 1277 cura
348 1219 395 1277 bic
410 1217 524 1294 hilares,
540 1219 605 1279 istic
620 1221 716 1279 securi
731 1236 834 1278 sumus.
863 1216 935 1277 Villa
952 1216 1123 1294 Camilliana,
1141 1236 1223 1296 quum

221 1304 249 1360 in
271 1299 422 1380 Campania
448 1301 599 1381 possides,
625 1312 670 1362 est
697 1302 809 1380 quidem
827 1309 968 1360 vetustate
988 1310 1104 1368 vexata:
1130 1311 1223 1360 tamen

223 1404 297 1465 quae
319 1395 384 1444 sunt
403 1389 572 1465 pretiosiora
591 1395 638 1446 aut
659 1388 768 1464 integra
787 1395 900 1445 manent
920 1395 966 1444 aut
987 1383 1131 1444 levissime
1146 1385 1223 1445 laesa

155 1488 158 1493 ·
195 1479 295 1532 dsunt.
327 1468 505 1528 Attendimus
521 1487 592 1546 ergo
613 1479 643 1527 ut
659 1489 740 1547 quam
756 1469 942 1530 saluberrime
958 1469 1125 1528 reficiantur.
1158 1468 1222 1545 Ego

222 1552 322 1612 videor
343 1552 450 1611 babere
468 1551 572 1611 multos
593 1555 717 1630 amicos,
739 1553 791 1613 sed
812 1555 894 1613 buius
915 1555 1030 1631 generis
1053 1554 1133 1612 ouius
1149 1562 1178 1611 et
1191 1563 1222 1612 tu
1232 1568 1264 1618 15

197 1637 335 1714 cquaeris
352 1644 381 1693 et
395 1653 442 1693 res
458 1637 547 1712 exigit
566 1654 658 1715 prope
673 1638 821 1696 neminem.
845 1638 915 1696 Sunt
932 1639 1005 1696 eninr
1020 1653 1119 1696 omnes
1134 1639 1222 1714 togati

223 1729 252 1777 et
272 1719 384 1779 urbani:
406 1720 574 1779 rusticorum
594 1731 687 1780 autem
709 1720 887 1800 praediorum
908 1721 1110 1779 administratio
1128 1723 1223 1798 poscit

223 1800 320 1860 durum
335 1801 455 1880 aliquem
469 1814 497 1863 et
512 1813 666 1880 agrestem,
683 1806 728 1863 cui
744 1822 798 1862 uec
813 1804 895 1865 labor
910 1805 958 1863 ille
973 1806 1069 1882 gravis
1085 1823 1141 1863 uec
1156 1822 1223 1865 cura

195 1885 335 1950 ssordida
349 1903 404 1945 neo
416 1889 504 1947 tristis
521 1887 645 1949 solitudo
659 1887 796 1947 videatur.
823 1888 865 1948 Tu
881 1888 917 1946 de
932 1889 1006 1947 Rulo
1023 1888 1222 1949 honestissime

221 1971 345 2046 cogitas:
371 1969 424 2030 luit
445 1974 519 2031 enim
539 1972 597 2031 lilio
619 1981 667 2032 tuo
688 1971 839 2033 familiaris.
871 1972 945 2046 Quid
967 1981 1058 2032 tamen
1080 1974 1162 2033 nobis
1183 1974 1264 2032 ibiuo

220 2063 366 2131 praestare
382 2058 474 2134 possit
490 2058 602 2134 ignoro,
617 2057 693 2116 velle
709 2056 858 2134 plurimum
874 2056 970 2116 oredo.
1003 2055 1083 2117 Vale.

669 2189 771 2250 XXX1.

461 2289 487 2338 o.
506 2289 630 2340 ruimus
650 2287 853 2338 ooausurnuo
872 2285 931 2334 suo
950 2285 976 2336 s,

196 2401 212 2449 1
282 2389 427 2450 Evocatus
443 2393 470 2448 in
484 2391 630 2450 consilium
645 2406 661 2445 a
679 2386 801 2445 Caesare
822 2393 919 2442 nostro
937 2383 971 2440 ad
988 2381 1107 2441 Centum
1123 2385 1261 2452 Cellasib

194 2473 293 2548 2(boc
304 2471 370 2528 loco
386 2473 503 2547 nornen)
519 2488 645 2544 magnam
662 2471 727 2545 cepi
741 2466 926 2543 voluptatem.
950 2465 1023 2539 Quid
1039 2469 1111 2525 enirn
1123 2471 1225 2530 iucun-

220 2553 283 2610 dius
296 2570 377 2627 quam
394 2554 530 2628 principis
547 2551 678 2608 iustitiam
695 2552 860 2624 gravitatem
876 2554 1034 2609 comitatem
1054 2553 1082 2609 iu
1100 2571 1223 2615 secessu
1267 2620 1270 2624 ,

220 2649 352 2711 quoque,
374 2633 421 2691 ubi
437 2635 554 2690 maxime
573 2630 772 2708 recluduntur,
796 2633 960 2713 inspicere?
982 2635 1107 2694 Fuerunt
1127 2641 1222 2699 variae

220 2716 398 2790 cognitiones
415 2724 444 2774 et
459 2733 531 2791 quae
545 2717 665 2774 virtutes
680 2717 781 2777 iudicis
797 2736 850 2796 per
867 2719 964 2798 plures
980 2724 1094 2797 species
1107 2725 1220 2798 experi·
1288 2710 1291 2717 ⁸

193 2805 322 2857 brentur.
352 2795 431 2855 Dixit
446 2815 557 2856 causam
574 2797 707 2861 Claudius
723 2799 851 2880 Ariston,
868 2805 1003 2881 princeps
1017 2804 1261 2884 Ephesiorum,3o

111 2956 114 2961 Ι
218 2881 303 2938 homo
323 2881 470 2940 munificus
486 2890 514 2939 et
529 2884 643 2942 innoxie
658 2884 819 2963 popularis:
841 2887 907 2946 iude
930 2888 1032 2946 invidia
1052 2898 1079 2946 et
1100 2908 1115 2946 a
1138 2889 1220 2949 dissi-

218 2962 340 3024 millimis
362 2964 472 3024 delator
493 2967 641 3027 inmissus:
663 2971 759 3046 itaque
775 2971 920 3030 absolutus
934 2972 1148 3050 vindicatusque
1165 2983 1218 3033 est.

192 3047 355 3126 lSequenti
378 3049 422 3109 die
443 3050 536 3110 audita
559 3062 603 3112 est
625 3051 727 3113 Galitta
742 3053 872 3114 adulterii
888 3075 945 3118 rea,
977 3054 1069 3133 Nupta
1087 3057 1156 3114 baec
1173 3058 1219 3116 tri-

217 3131 293 3191 buno
316 3133 432 3192 militurn
454 3134 577 3209 bonores
599 3140 721 3215 petituro
743 3147 772 3197 et
798 3158 876 3199 suam
899 3149 927 3199 et
947 3143 1035 3199 mariti
1058 3140 1221 3216 dignitatem

219 3219 391 3277 centurionis
412 3236 508 3278 amore
523 3221 726 3280 maculaverat:
748 3227 862 3282 maritus
878 3222 974 3299 legato
993 3224 1150 3300 consulari,
1171 3225 1260 3286 illc35

194 3297 335 3360 scocsan·
350 3304 515 3381 scripserat.
539 3303 645 3364 Caesar
657 3309 787 3367 excussis
801 3308 1014 3386 probationibus
1027 3311 1220 3368 centurionem

219 3389 411 3444 exauctoravit
427 3388 518 3465 adque
540 3391 624 3447 etiarn
645 3389 794 3467 relegavit.
829 3393 984 3469 Supererat
1001 3395 1126 3464 crimini,
1144 3392 1220 3470 quod

218 3466 271 3522 uisi
288 3466 405 3526 duorum
420 3489 485 3530 csse
506 3489 561 3530 uon
577 3482 704 3550 poterat,
718 3474 827 3553 reliqua
843 3494 908 3552 pars
924 3476 1052 3537 ultiouis:
1069 3475 1121 3535 sed
1135 3478 1220 3536 mari·
1289 3472 1293 3531 ζ

58 3690 192 3816 ἢ
