2588 4116
219 218 260 280 72
645 216 678 275 C.
701 208 797 274 PLlNl

174 375 211 429 14
219 371 349 429 rietatem
369 367 500 444 duarum,
526 377 688 427 contextum
710 369 792 427 unius
813 367 946 427 babuisse
970 367 1128 427 credantur.
1164 369 1221 430 Ro·

219 451 335 532 spondit
355 450 515 511 Herennius
534 451 614 510 Polio
636 455 773 511 instanter
792 460 822 509 et
843 453 984 527 graviter,
1010 451 1113 510 deiude
1128 451 1221 513 Theo·

218 538 327 616 pbanes
348 553 456 596 rursus.
487 534 568 594 Fecit
589 537 664 594 enim
684 535 740 594 boc
754 552 869 613 quoque
887 544 918 592 nt
933 544 1028 594 cetera
1045 533 1221 612 inpudentis-

219 624 305 696 sime,
327 619 405 698 quod
425 627 491 696 post
507 618 578 678 duos
600 626 630 678 et
652 617 816 678 consulares
836 625 866 677 et
887 618 1010 679 disertos
1032 627 1144 696 tempus
1165 621 1221 681 sibi

219 713 248 764 et
260 703 373 782 quidem
384 702 474 762 laxius
486 700 649 761 vindicavit.
674 701 754 761 Dixit
771 705 799 760 in
816 710 930 760 noctem
942 711 1027 780 atque
1038 704 1123 760 etiam
1135 711 1243 764 nocte5

176 788 312 850 miniatis
327 786 461 846 lucernis.
491 786 612 846 Postero
627 785 674 845 die
688 794 808 863 egerunt
822 803 874 864 pro
890 785 979 846 basso
996 784 1086 845 Titius
1105 785 1221 846 Homul·

219 872 263 932 lus
279 880 307 929 et
322 869 427 929 Fronto
441 870 574 929 mirifice:
601 879 729 947 quartum
744 870 817 929 diem
835 869 1018 948 probationes
1036 882 1219 948 occuparunt.

176 963 209 1016 16
220 955 339 1014 Censuit
353 953 476 1012 Baebius
490 951 598 1030 Macer,
613 954 714 1014 consul
729 953 902 1029 designatus,
920 951 988 1029 lege
1002 954 1220 1030 repetundarum

218 1038 337 1097 bassum
353 1037 462 1115 teneri,
484 1034 593 1115 Caepio
609 1036 712 1116 llispo,
729 1037 807 1096 salva
821 1036 958 1113 dignitate
973 1036 1083 1096 iudices
1098 1037 1218 1097 dandos:

176 1129 209 1184 17
219 1132 339 1199 uterque
353 1129 443 1180 recte.
468 1119 523 1192 Qui
538 1120 600 1179 lieri
615 1118 731 1199 potest?
747 1122 855 1198 inquis:
870 1122 936 1198 quia
951 1120 1065 1180 scilicet
1079 1129 1109 1179 et
1124 1120 1219 1180 llacro
1227 1129 1261 1180 10

198 1277 201 1282 Ι
218 1205 313 1281 legem
333 1205 453 1264 intuenti
474 1213 695 1264 consentaneum
711 1204 763 1263 iuit
778 1204 907 1263 damnare
923 1222 988 1263 eum
1002 1207 1049 1280 qui
1066 1215 1163 1264 contra
1178 1204 1218 1264 le-

218 1306 284 1366 gem
298 1306 414 1348 munera
427 1297 591 1368 acceperat,
607 1297 637 1348 et
651 1287 770 1368 Caepio,
787 1306 851 1349 cum
868 1296 979 1366 putaret
993 1287 1082 1348 licere
1098 1292 1217 1364 senatui,

219 1376 292 1432 sicut
305 1373 385 1445 licet,
400 1380 431 1431 et
444 1374 573 1450 mitigare
586 1371 668 1450 leges
684 1383 712 1432 et
727 1372 886 1449 intendere,
903 1389 959 1430 non
972 1374 1034 1431 sine
1048 1374 1155 1431 ratione
1170 1391 1219 1431 ve·

176 1465 209 1518 18
218 1460 290 1516 niam
308 1456 385 1517 dedit
400 1455 493 1532 facto,
516 1459 605 1514 vetito
622 1456 735 1534 quidem
749 1473 806 1515 nou
822 1465 913 1515 tamen
927 1457 1067 1515 inusitato.
1100 1454 1218 1515 Praeva·

217 1541 269 1599 luit
283 1541 423 1600 sententia
437 1536 601 1617 Caepionis,
619 1541 685 1616 quin
705 1541 789 1598 immo
807 1541 989 1615 consurgenti
1004 1540 1031 1598 ei
1045 1539 1080 1598 ad
1099 1558 1217 1599 censen·
1227 1552 1259 1602 15

218 1625 288 1683 dum.
303 1621 485 1681 adclamatum
508 1630 568 1697 est,
596 1621 672 1698 quod
688 1621 764 1682 solet
778 1622 980 1682 residentibus.
1002 1621 1047 1681 lix
1062 1640 1118 1700 quo
1134 1633 1218 1702 potes

217 1709 366 1765 aestimare
385 1713 491 1781 quanto
512 1721 653 1763 consensu
673 1707 709 1764 sit
727 1715 897 1784 exceptum,
919 1724 982 1765 cum
997 1706 1122 1783 diceret,
1142 1707 1218 1787 quod

112 1836 115 1840 -
175 1797 208 1850 19
219 1799 273 1848 tam
289 1787 444 1847 favorabile
459 1787 521 1864 fuit,
541 1804 604 1846 cum
620 1787 746 1848 dicturus
761 1789 915 1849 videretur.
948 1791 1019 1849 Sunt
1036 1801 1128 1850 tamen
1143 1802 1173 1850 ut
1190 1794 1218 1850 in

218 1881 316 1930 senatu
336 1873 374 1930 ita
394 1873 423 1929 in
444 1872 558 1930 civitate
575 1873 603 1929 in
625 1871 693 1931 duas
716 1883 812 1950 partes
834 1874 975 1932 hominum
997 1874 1098 1934 iudicia
1119 1875 1216 1936 divisa.

216 1955 287 2014 Nam
302 1954 404 2031 quibus
424 1956 564 2015 sententia
578 1953 732 2033 Caepionis
753 1957 874 2035 placuit,
898 1959 1064 2017 sententiam
1084 1957 1172 2018 Macri
1190 1962 1261 2018 utto

215 2037 333 2116 rigidam
347 2038 500 2117 duramque
516 2040 742 2117 reprehendunt:
771 2043 873 2119 quibus
887 2040 991 2117 Macri,
1014 2041 1089 2101 illam
1104 2042 1218 2102 alteram

217 2122 381 2183 dissolutam
403 2132 489 2202 atque
514 2126 599 2182 etiam
618 2126 853 2202 incongruentem
874 2135 991 2195 vocant;
1016 2135 1121 2202 negant
1144 2130 1219 2186 enim

173 2217 208 2269 20
217 2224 377 2284 congruens
398 2226 466 2267 esse
486 2210 610 2267 retinere
633 2210 661 2267 in
682 2219 780 2269 senatu
803 2212 849 2269 cui
867 2209 976 2268 iudices
997 2208 1120 2271 dederis.
1155 2210 1220 2269 Fuit
1271 2256 1274 2262 .

217 2300 246 2351 et
264 2294 347 2352 tertia
367 2292 516 2351 sententia.
551 2291 683 2352 Valerius
704 2292 834 2352 Paulinus
855 2292 993 2351 adsensus
1009 2286 1148 2367 Caepioni
1163 2294 1219 2353 hoc

214 2376 335 2453 amplius
357 2377 468 2436 consuit
489 2375 670 2434 referendum
689 2375 724 2434 de
746 2375 935 2452 Theophane,
960 2390 1023 2430 cum
1045 2371 1218 2449 legationem
1227 2385 1262 2438 25

214 2461 414 2520 renuntiasset.
446 2459 631 2537 Arguebatur
651 2459 725 2516 enim
748 2456 833 2516 multa
854 2459 882 2515 in
903 2457 1084 2514 accusatione
1109 2456 1216 2519 iecisse

173 2553 206 2604 21
217 2560 288 2619 quae
309 2541 357 2600 illa
373 2544 435 2619 ipsa
454 2541 521 2619 lege
542 2560 596 2620 qua
615 2541 733 2601 llassum
754 2548 937 2600 accusaverat
951 2547 1123 2599 tenerentur.
1157 2541 1216 2600 Sed

214 2626 287 2683 hanc
306 2628 474 2684 sententiam
495 2624 646 2702 consules,
668 2642 835 2704 quamquam
854 2624 989 2683 maximae
1010 2627 1081 2702 parti
1101 2635 1217 2685 senatus

215 2709 284 2765 mire
301 2708 485 2785 probabatur,
501 2728 558 2769 non
573 2719 637 2770 sunt
656 2710 810 2788 persecuti.
833 2707 965 2768 Paulinus
984 2717 1076 2769 tamen
1095 2719 1123 2769 et
1138 2710 1217 2769 iusti·

171 2801 207 2852 22
216 2793 271 2850 tiae
292 2790 392 2850 lamam
413 2801 442 2850 et
462 2796 636 2854 constantiae
658 2794 729 2853 tulit.
764 2792 854 2853 blisso
875 2801 973 2854 senatu
995 2793 1100 2854 bassus
1119 2797 1261 2871 magna30

215 2875 359 2932 bominum
374 2873 550 2951 frequentia,
565 2893 667 2953 magno
682 2877 822 2954 clamore,
841 2894 943 2953 magno
956 2876 1059 2953 gaudio
1079 2887 1217 2955 exceptus

215 2966 269 3016 est.
293 2956 413 3015 Fecerat
428 2975 493 3016 eum
507 2958 692 3018 favorabilem
705 2970 839 3020 renovata
850 2960 1039 3020 discriminum
1051 2970 1135 3019 vetus
1147 2961 1218 3020 fama

215 3051 368 3119 uotumque
386 3039 520 3117 periculis
541 3058 643 3099 nomen
668 3046 747 3103 etin
770 3061 894 3122 procero
918 3060 1040 3121 corporo
1059 3054 1167 3104 maesta
1190 3053 1219 3102 et

168 3137 205 3189 23
215 3124 343 3204 squalida
364 3132 508 3185 senectus.
541 3123 666 3184 Habebis
686 3126 758 3185 banc
779 3129 890 3186 interim
912 3125 1062 3205 epistulam
1087 3136 1117 3185 ut
1139 3121 1217 3204 πρό-

215 3207 360 3288 dpopoo,
383 3207 565 3285 exspectabis
586 3210 742 3269 orationem
763 3210 876 3289 plenam
892 3218 1092 3287 onustumque,
1111 3219 1261 3286 caspe-35

214 3294 305 3353 ctabis
327 3293 389 3354 diu:
411 3310 506 3370 neque
522 3295 596 3351 enim
611 3292 713 3352 leviter
728 3303 757 3353 et
772 3297 892 3373 cursim,
913 3302 944 3353 ut
958 3292 994 3352 dc
1008 3311 1040 3352 re
1055 3300 1148 3369 tauta,
1172 3310 1216 3350 re·

211 3377 356 3437 tractanda
369 3385 423 3440 est.
457 3376 541 3438 Vale.
