2588 4116
352 175 763 271 circummunitione
878 266 881 272 ,
1025 207 1064 271 ιι
1141 165 1144 171 ’

78 379 153 421 uram
172 369 276 419 tantum
292 369 321 419 ιι
336 358 500 438 inpendium
515 361 638 423 vindico.
660 360 782 420 Proinde
799 362 823 421 si
839 363 902 438 quis
918 361 1006 421 luerit
1021 380 1064 420 re·
1078 375 1107 427 ιι

78 455 156 506 entus
177 445 225 522 qui
246 445 362 521 ingenio
383 462 436 503 suo
457 443 540 519 fidat,
562 453 606 502 eat
629 443 697 503 illuc
718 463 752 504 ea
774 443 841 521 lege
866 455 894 504 ut
916 446 981 505 hinc
996 445 1065 506 uihil

78 530 134 589 liud
151 537 261 587 certum
276 545 358 605 quam
372 527 503 586 fiduciam
518 544 596 587 suam
613 527 695 588 ierat.
725 526 807 587 Vale.

517 658 609 719 Xllll.

328 756 354 810 o.
375 755 501 807 carmus
519 757 667 807 ruruuuo
687 757 747 807 suo
767 755 794 809 S.

121 861 163 921 'lu
185 862 308 921 fortasse
330 863 502 939 orationem,
524 872 553 921 ut
573 862 671 938 soles,
693 871 722 921 et
745 861 854 938 flagitas
869 871 900 922 et
915 873 1088 942 expectas,1

78 958 84 1007 t
100 964 157 1024 ego
177 947 256 1023 quasi
273 964 310 1005 ex
325 945 417 1024 aliqua
429 948 581 1024 peregrina
592 945 770 1024 delicataque
783 964 880 1005 merce
892 945 971 1006 lusus
982 966 1063 1009 meos

79 1031 108 1091 bi
131 1030 232 1108 prodo.
265 1029 404 1107 Accipies
433 1029 569 1088 cumbae
590 1028 712 1107 epistula
733 1029 992 1104 hendecasyllabos
1013 1045 1089 1095 not

78 1125 146 1192 tros,
163 1114 265 1192 quibus
279 1129 331 1172 nos
348 1114 375 1171 in
390 1111 535 1189 vehiculo,
550 1115 577 1171 in
591 1112 715 1189 balineo,
732 1115 806 1172 iuter
822 1131 921 1172 cenam
936 1115 1064 1175 oblecta·

78 1204 119 1258 rus
136 1200 222 1256 otium
236 1198 382 1274 temporis.
406 1195 456 1255 His
471 1199 607 1273 iocamur,
623 1196 754 1273 ludimus,
772 1214 906 1272 amamus,
924 1198 1091 1276 dolemus,3

78 1283 218 1357 ueriurur,
235 1281 398 1355 irascimur,
415 1278 600 1340 describimus
615 1279 720 1356 aliquid
736 1279 821 1338 modo
836 1282 964 1357 pressius
980 1283 1064 1341 modo
1103 1353 1104 1356 Ἴ

77 1366 179 1442 latius,
202 1374 288 1441 atque
311 1365 374 1442 ipsa
390 1363 526 1423 varietate
546 1373 715 1441 temptamus
736 1361 854 1423 elbcere
875 1372 904 1422 ut
925 1363 977 1422 alia
992 1364 1064 1440 aliis,

78 1449 197 1508 uaedam
219 1447 341 1507 fortasse
366 1447 494 1507 omuibus
514 1446 654 1526 placeant.
684 1446 729 1506 Ex
745 1447 846 1524 quibus
862 1455 954 1506 tamen
970 1449 994 1507 si
1009 1461 1090 1512 nous

78 1533 137 1592 ulla
152 1533 202 1592 tibi
223 1531 309 1610 paulo
330 1530 519 1610 petulantiora
534 1531 720 1607 videbuntur,
743 1533 797 1589 erit
819 1530 983 1590 eruditionis
1000 1541 1064 1590 tuae

79 1619 190 1694 ogitare
213 1633 337 1676 summos
357 1615 423 1676 illos
446 1625 475 1676 et
497 1617 681 1694 gravissimos
695 1616 774 1675 viros
796 1616 844 1691 qui
861 1613 924 1672 talia
940 1617 1065 1693 scripse·

78 1711 123 1760 unt
145 1718 202 1759 non
223 1700 306 1759 modo
322 1700 438 1760 lasciuia
452 1718 545 1758 rerum
560 1700 612 1759 sed
624 1719 659 1758 ne
671 1699 768 1759 verbis
779 1699 893 1776 quidem
907 1698 988 1759 nudis
1002 1700 1065 1759 abs·

78 1788 195 1854 ,uuisse;
231 1803 303 1863 quae
328 1800 381 1843 nos
407 1783 578 1860 refugimus,
610 1801 666 1841 non
694 1785 758 1860 quia
781 1784 945 1843 severiores
972 1782 1064 1861 (unde

79 1867 184 1947 niml),
202 1869 253 1928 sed
271 1870 334 1946 quia
350 1868 504 1927 timidiores
522 1885 626 1927 sumus.
648 1866 758 1927 Scimus
774 1866 879 1944 alioqui
897 1865 979 1927 huius
994 1877 1086 1945 opu-5

78 1953 134 2013 culi
150 1953 225 2011 illam
241 1971 308 2011 esse
323 1953 499 2011 verissimam
514 1950 610 2025 legem
627 1968 708 2025 quam
723 1948 852 2010 Catullus
868 1953 1022 2028 expressit,

213 2052 275 2092 narn
291 2044 398 2092 castum
414 2051 480 2090 esse
495 2033 580 2091 decet
596 2034 672 2109 pium
687 2040 802 2110 poetam

213 2119 316 2192 ipsum,
333 2114 494 2174 versiculos
508 2113 576 2172 nibil
592 2133 716 2174 necesse
731 2124 787 2190 est,

216 2200 263 2276 qui
278 2208 346 2256 tuno
361 2197 483 2275 denique
501 2197 605 2256 habeut
620 2195 710 2256 salem
725 2207 754 2256 ιι
768 2196 915 2274 leporem,

216 2284 240 2341 si
255 2290 319 2341 sunt
337 2280 475 2340 molliculi
489 2290 518 2340 et
532 2297 630 2359 parum
645 2280 751 2357 pudici.

78 2363 125 2445 {go
142 2367 237 2444 quanti
252 2366 352 2425 faciam
368 2365 499 2424 iudicium
519 2374 598 2425 tuum
613 2363 661 2423 vel
679 2383 717 2424 ex
736 2364 793 2423 boc
809 2373 893 2442 potes
907 2365 1093 2447 aestimare,6

78 2451 139 2511 uod
155 2450 239 2510 malui
256 2453 346 2509 omnia
364 2469 379 2509 a
401 2461 430 2509 te
447 2451 582 2528 pensitari
598 2466 680 2527 quam
701 2447 795 2508 electa
809 2448 922 2508 laudari.
945 2447 983 2507 Et
999 2465 1066 2507 saue

78 2553 135 2614 guae
155 2543 219 2594 sunt
235 2535 460 2594 commodissima
476 2534 606 2594 desinunt
620 2533 725 2609 videri,
743 2551 805 2592 cum
822 2534 898 2611 paria
915 2551 983 2592 esse
1001 2549 1067 2590 coe·

78 2627 175 2678 rerunt.
207 2618 358 2678 Praeterea
373 2620 487 2696 sapiens
504 2618 675 2695 subtilisque
691 2617 785 2677 lector
799 2635 855 2676 non
872 2616 958 2676 debet
973 2616 1090 2678 diver-7

78 2706 103 2763 is
122 2701 253 2761 conferre
276 2702 389 2761 diversa
411 2702 462 2761 sed
486 2701 596 2779 singula
617 2701 781 2778 expendere
799 2720 855 2761 nec
870 2701 996 2761 deterius
1012 2699 1067 2759 alio

78 2796 162 2845 tutare
181 2784 257 2863 quod
273 2795 318 2845 est
335 2787 362 2844 iu
377 2802 430 2845 suo
446 2804 553 2862 genere
568 2785 738 2864 perlectum.
769 2784 827 2845 Sed
845 2785 911 2862 quid
929 2802 986 2862 ego
1004 2784 1091 2862 [ιιι-8

78 2866 114 2929 a?
140 2887 202 2928 nam
222 2868 307 2946 longa
321 2869 497 2948 praelatione
511 2869 559 2928 vel
576 2887 715 2929 excusare
732 2868 780 2928 vel
796 2870 994 2928 commendare
1009 2869 1067 2927 iue-

78 2956 137 3013 »tias
155 2955 361 3031 ineptissimum
377 2963 432 3012 est.
461 2951 551 3010 Unum
569 2951 638 3011 illud
656 2952 1002 3030 praedicendumyidetur
1020 2969 1067 3010 eo·

78 3038 154 3109 :itare
177 3055 223 3096 me
249 3037 300 3098 has
328 3054 417 3113 nugas
442 3037 599 3095 inscribere
624 3035 899 3113 hendecasyllabos,
927 3037 974 3112 qui
1002 3036 1067 3094 titu-

78 3140 109 3181 us
132 3119 195 3180 sola
212 3122 293 3179 metri
314 3119 380 3196 lege
404 3121 612 3197 constringitur.
646 3119 767 3179 Proinde
790 3121 853 3178 siue
866 3120 1091 3196 epigrammata9

80 3206 126 3264 ive
147 3203 244 3277 idyllia
264 3206 325 3264 sive
347 3202 465 3279 eclogas
487 3204 566 3280 sive,
592 3212 622 3261 ut
639 3202 736 3279 multi,
757 3203 898 3279 poematia
918 3219 970 3258 seu
993 3197 1069 3275 quod

78 3287 141 3347 liud
155 3304 262 3347 vocare
274 3285 406 3346 malueris
422 3286 521 3346 licebit
535 3248 624 3346 vbces
634 3304 717 3364 ,ego
731 3294 837 3344 tantum
852 3281 1068 3356 hendecasylla-

78 3389 118 3432 ros
141 3381 266 3450 praesto.
298 3371 325 3430 Α
344 3369 524 3448 simplicitate
541 3379 587 3429 tua
609 3379 678 3447 peto
698 3377 728 3427 ut
745 3367 821 3445 quod
838 3366 873 3426 de
890 3365 989 3425 libello
1003 3383 1067 3425 meo
1080 3377 1112 3427 to

78 3455 194 3516 licturus
217 3474 248 3515 cs
272 3454 318 3516 alii
338 3455 404 3514 mihi
427 3454 519 3522 dicas;
536 3472 629 3530 neque
651 3461 696 3512 est
718 3450 833 3510 difficile
850 3449 927 3528 quod
942 3449 1067 3528 postulo.

1128 3682 1240 3880 's

1115 4060 1228 4084 ..aa-d·
