2588 4116
234 241 684 308 numunianum-112.
701 218 902 326 [roa-aue]
1008 248 1070 312 235

457 393 571 457 cvrur.
598 395 683 476 [oxu

396 494 562 546 TRAIANUS
581 494 688 545 PLINIO
708 495 734 545 S.

129 596 193 671 Quo
213 599 275 657 iure
289 598 329 658 uti
344 596 466 658 debeant
479 597 617 673 Bithynae
631 597 678 657 vel
697 598 831 658 Ponticae
850 600 979 660 civitates
994 600 1022 658 in
1036 600 1070 660 iis

77 682 193 741 teeuniis
214 699 288 761 quae
310 701 348 742 ex
368 699 480 761 quaque
504 700 590 744 causa
610 684 653 743 rei
680 681 813 760 publicae
835 681 1013 742 debebuntur
1034 701 1071 742 ex

77 783 131 843 ege
147 766 285 844 cuiusque
300 765 577 827 animadvertendum
592 775 646 827 est.
673 765 744 825 Nam
758 768 820 826 sive
835 766 938 827 habent
955 766 1070 846 privile-

77 850 140 922 rium
153 866 209 928 quo
225 850 329 911 ceteris
345 848 534 912 creditoribus
551 860 766 930 anteponantur,
784 850 998 911 custodiendum
1012 861 1068 928 est,

79 934 127 993 ive
153 950 210 992 non
232 933 353 1012 habent,
381 935 409 993 in
432 936 559 996 iniuriam
582 937 755 1015 privatorum
776 933 804 993 id
832 933 890 994 dari
912 954 928 994 a
947 951 992 995 me
1012 952 1069 994 non

77 1015 217 1096 tpol'lebll.

477 1114 537 1176 ox.
561 1113 658 1192 [oxu]

284 1211 310 1263 G.
330 1211 455 1265 PLINIUS
474 1213 619 1264 TRAIANO
638 1212 847 1264 IMPERATORI.

127 1307 266 1384 Ecdicns,
282 1309 406 1389 domine,
422 1311 620 1373 Amisenorum
635 1311 757 1370 civitatis
772 1310 891 1387 petebat
905 1310 980 1388 apud
994 1326 1040 1369 me
1053 1323 1096 1373 al

77 1391 138 1451 ulio
158 1392 262 1454 Pisone
285 1393 463 1455 denariorum
485 1397 600 1456 circiter
621 1394 804 1474 qnadraginta
817 1393 903 1471 milia,
922 1391 1022 1453 donata
1043 1394 1070 1452 ei

76 1475 181 1536 rublice
197 1486 262 1537 ante
275 1478 375 1556 viginti
397 1497 485 1539 annos
508 1478 575 1540 bule
596 1489 625 1539 et
640 1477 767 1539 ecclesia
782 1477 990 1554 consentiente,
1009 1486 1070 1536 ute·

76 1569 205 1639 raturque
219 1562 354 1623 mandatis
369 1564 443 1642 tuis,
466 1562 567 1642 quibus
589 1562 728 1623 eiusmodi
748 1561 915 1622 donationes
929 1569 1068 1620 vetantur.

76 1644 131 1704 'iso
153 1654 252 1705 contra
272 1645 391 1726 plurima
408 1665 440 1707 se
461 1648 489 1706 in
509 1646 729 1726 rempublicam
750 1643 907 1707 contulisse
927 1662 962 1704 ac
977 1653 1096 1723 propel

76 1737 138 1788 otas
154 1727 303 1790 facultates
319 1749 457 1809 erogasse
470 1730 591 1792 dicebat.
614 1730 747 1791 Addebat
758 1731 842 1791 etiam
854 1730 991 1807 temporis
1003 1745 1069 1806 spa·

76 1813 132 1871 ium
148 1812 366 1893 postulabatque
388 1832 425 1874 ne
445 1814 472 1874 id
489 1816 566 1893 quod
581 1831 634 1894 pro
650 1813 745 1874 multis
766 1823 795 1874 et
817 1813 883 1873 olim
905 1813 1068 1891 accepisset

76 1913 129 1954 :um
152 1898 303 1957 eversione
319 1898 447 1976 reliquae
463 1897 604 1975 dignitatis
620 1898 742 1970 reddere
759 1897 921 1976 cogeretun
959 1894 1068 1968 Quibus

76 1997 101 2036 rx
115 1981 208 2039 causis
229 1981 367 2057 integram
384 1982 574 2058 cognitionem
589 1981 772 2040 differendam
788 1980 963 2058 existimavi,
982 1987 1012 2036 ut
1027 1988 1068 2053 te,

76 2062 188 2141 lemine,
206 2063 385 2123 consulerem
401 2063 467 2141 quid
483 2064 659 2141 sequendum
673 2073 800 2141 putares.

464 2193 538 2255 oxr.
561 2193 673 2274 [oxnp

393 2294 554 2347 TRAIANUS
572 2295 677 2346 PLINIO
697 2294 723 2344 S.

128 2397 207 2457 Sicut
224 2396 388 2474 largitiones
411 2416 447 2458 ex
468 2395 585 2478 publico
606 2398 667 2458 lieri
687 2396 814 2457 mandata
830 2396 998 2475 prohibent,
1021 2397 1069 2471 ita,

76 2501 101 2541 re
116 2480 267 2541 multomm
282 2482 421 2542 securitas
437 2483 603 2560 subruatur,
628 2482 719 2543 iactas
734 2491 798 2541 ante
813 2480 984 2559 aliquantum
999 2489 1070 2541 tem·

76 2566 144 2625 roris
159 2566 305 2624 retractari
325 2575 410 2644 atque
428 2566 455 2625 in
470 2568 582 2627 inritum
601 2565 736 2625 vindicari
751 2583 808 2625 non
823 2574 949 2644 oportet.
983 2562 1070 2637 Quid·
1152 2574 1154 2579 '

75 2647 133 2726 puid
149 2665 221 2724 ergo
243 2665 280 2706 ex
298 2648 353 2708 lrac
376 2666 460 2710 causa
474 2659 567 2710 actum
588 2661 653 2711 ante
673 2650 773 2728 viginti
790 2667 879 2711 annos
896 2651 966 2727 erit,
988 2650 1069 2708 omit-

77 2748 165 2791 amus.
198 2728 263 2790 Non
283 2734 374 2791 minus
389 2734 463 2791 enirn
476 2733 635 2795 hominibus
651 2735 789 2812 cuiusque
805 2733 864 2795 loci
882 2751 964 2812 qnam
981 2750 1069 2810 pecu·

75 2817 128 2875 riae
141 2813 275 2894 publicae
291 2815 450 2877 consultum
464 2816 542 2877 volo.

447 2946 534 3010 cxrr.
559 2948 685 3028 [cunr]

289 3047 316 3098 C.
334 3047 460 3100 PLINIUS
475 3049 619 3101 TRAIANO
634 3049 844 3101 IMPERATORI.

127 3148 187 3209 Lex
204 3149 349 3228 Pompeia,
366 3149 489 3228 domine,
506 3169 560 3230 qua
574 3150 686 3226 Bithyni
702 3160 732 3211 et
745 3149 854 3211 Pontici
867 3159 998 3225 utuntur,
1016 3164 1093 3215 eos1

75 3235 114 3313 pul
129 3235 156 3292 in
173 3233 259 3294 bulen
279 3250 295 3292 a
316 3235 485 3296 censoribus
506 3234 639 3313 leguntur
654 3235 721 3295 dare
736 3234 887 3312 pecuniam
903 3249 960 3291 non
973 3230 1067 3291 iubet:

75 3317 119 3379 red
134 3318 154 3376 ii
170 3335 242 3396 quos
263 3316 437 3395 indulgentia
458 3328 506 3380 tua
530 3318 696 3397 quibusdam
713 3317 873 3377 civitatibus
891 3333 979 3394 super
996 3314 1068 3392 legi·

77 3405 160 3462 imum
175 3419 320 3462 numerum
338 3401 453 3462 adicere
467 3404 596 3481 permisit
614 3411 643 3462 et
663 3398 774 3478 singula
794 3399 869 3460 milia
890 3400 1068 3459 denariorum

75 3495 95 3545 rt
119 3486 184 3546 bina
210 3485 373 3546 intulerunt.
412 3485 531 3547 Anicius
553 3484 656 3545 deinde
677 3483 815 3545 Maximus
836 3482 992 3562 proconsul
1016 3495 1094 3546 eost
