2588 4116
222 293 226 302 .
307 204 332 251 ⁸
384 239 647 301 nrrs‘rumnuu
664 240 729 301 1111.
751 253 794 305 η.
810 253 853 307 rs.
1087 241 1127 305 ts

113 391 234 454 Mereor
247 399 278 449 ut
290 391 417 452 vicissim
431 393 498 470 quid
513 395 541 453 in
558 394 664 472 oppido
680 404 744 473 tuo,
767 396 833 473 quid
848 397 876 453 in
891 396 1012 456 finitimis
1027 406 1127 472 agatur
1136 407 1169 461 16

115 476 231 556 (solent
245 477 320 535 euim
333 474 470 554 quaedam
486 478 619 539 notabilia
634 478 778 559 incidere)
800 480 977 558 perscribas:
1004 479 1126 558 denique

114 560 254 638 quidquid
275 559 376 637 voles,
399 560 464 620 dum
481 562 566 622 modo
582 579 638 621 non
658 564 749 622 minus
771 563 857 640 longa
879 561 1001 641 epistula
1022 569 1126 626 nuntia.

111 643 181 722 Ego
195 661 253 703 non
268 646 386 722 paginas
408 654 513 705 tantum
535 645 588 707 sed
604 664 705 706 versus
721 649 806 706 etiam
828 646 1013 725 syllabasque
1029 667 1126 710 nume-

89 729 196 792 stato,
228 727 308 788 Vale.

590 861 655 923 xit.

309 959 336 1012 c.
357 959 484 1012 nurums
504 962 640 1012 maruno
659 963 805 1013 annuum
826 963 885 1014 suo
904 963 931 1018 s,

178 1065 266 1126 Amas
283 1064 434 1143 Egnatium
449 1066 645 1128 Marcellinum
659 1079 744 1147 atque
761 1071 843 1129 etiam
859 1070 925 1130 milri
941 1089 1030 1149 saepe
1046 1088 1147 1139 com-1

88 1149 247 1216 omendas:
262 1151 367 1211 amabis
384 1153 474 1229 magis
488 1153 767 1232 commendabisque,
783 1156 807 1213 si
820 1157 992 1230 cognoveris
1005 1159 1066 1215 eius
1078 1176 1123 1216 re·

114 1253 187 1295 cens
203 1233 317 1294 iactum.
351 1232 422 1294 Cum
437 1237 465 1294 in
480 1239 656 1315 provinciam
670 1248 806 1316 quaestor
817 1241 927 1297 exisset
943 1241 1148 1318 scribamqne2

113 1321 164 1397 qui
185 1320 255 1380 sorti
281 1319 423 1395 obtigerat
443 1330 509 1381 ante
530 1321 687 1398 legitimum
712 1321 806 1381 salarii
832 1330 944 1399 tempus
969 1325 1123 1399 amisisset,

113 1402 194 1480 quod
216 1414 370 1482 acceperat
390 1405 504 1465 scribae
526 1405 640 1465 daturus
660 1404 802 1464 intellexit
817 1414 847 1464 et
862 1406 959 1464 statuit
975 1405 1124 1466 subsidere

112 1485 189 1565 apud
205 1504 238 1546 se
253 1505 309 1547 non
325 1497 471 1566 oportere.
491 1487 590 1569 ltaque
605 1508 739 1549 reversus
755 1486 918 1565 Caesarem,
932 1489 1034 1548 deinde
1050 1487 1148 1552 Cae-3

88 1588 181 1645 5sare
208 1580 325 1631 auctore
348 1582 477 1633 senatum
497 1573 641 1633 consuluit
662 1574 729 1652 quid
750 1575 811 1633 lieri
835 1573 871 1634 de
899 1573 1002 1633 salario
1023 1573 1122 1633 vellet.

113 1653 205 1714 Parva
227 1658 376 1734 quaestio,
405 1658 457 1718 sed
478 1667 571 1718 tamen
595 1661 735 1736 quaestio.
768 1657 898 1717 lleredes
921 1659 1033 1717 scribae
1057 1659 1122 1734 sibi,

112 1738 255 1817 praelecti
269 1742 359 1799 aerari
373 1741 481 1820 populo
496 1743 681 1802 vindicabant.
715 1743 788 1802 Acta
803 1760 888 1802 causa
909 1751 968 1801 est:
989 1741 1056 1801 dixit
1071 1742 1149 1803 bel

112 1822 214 1882 redum
229 1823 401 1902 advocatus,
423 1824 525 1886 deinde
541 1826 659 1905 populi,
676 1814 797 1905 uterque
812 1825 1027 1904 percommode.
1050 1824 1122 1884 Cae·
1201 1832 1207 1859 ¹

113 1905 198 1967 cilius
216 1907 319 1967 Strabo
333 1911 443 1967 aerario
459 1912 569 1969 censuit
583 1910 771 1984 iniciendum,
788 1911 910 1970 Baebius
925 1909 1023 1969 lllacer
1040 1910 1123 1969 here·

88 1989 199 2060 odibus
215 1991 349 2051 dandum:
373 1993 492 2051 obtinuit
509 1994 621 2052 Strabo.
643 1992 685 2051 Tu
699 1991 781 2051 lauda
795 1992 1003 2070 Marcellinum,
1019 2004 1049 2053 ut
1066 2005 1148 2070 egos

113 2076 210 2134 statim
231 2074 298 2133 leci.
333 2073 468 2145 Quamvis
489 2078 564 2134 enim
584 2075 693 2135 abunde
716 2075 839 2135 sulliciat
854 2076 894 2134 illi
909 2077 986 2155 quod
1004 2085 1048 2134 est
1064 2087 1123 2136 eta

112 2158 247 2238 principe
266 2166 294 2216 et
309 2174 324 2215 a
339 2165 439 2218 senatu
454 2159 609 2235 probatus,
625 2159 760 2234 gaudebit
775 2168 869 2218 tamen
883 2162 1045 2219 testimonio
1062 2171 1121 2218 tuo.

113 2241 222 2302 Omnes
243 2243 318 2300 enim
339 2243 387 2318 qui
410 2241 501 2319 gloria
520 2242 649 2319 famaque
672 2243 811 2300 ducuntur
832 2244 932 2300 mirum
956 2243 984 2299 in
1009 2243 1145 2302 modum6

112 2326 249 2386 adsensio
265 2335 294 2385 et
309 2323 371 2386 laus
387 2327 572 2386 aminoribus
590 2329 673 2386 etiam
687 2325 820 2405 proiecta
832 2325 966 2385 delectat.
995 2324 1035 2383 Te
1052 2342 1122 2383 vero

88 2408 298 2474 5Marcelliuus
316 2411 353 2469 ita
371 2420 522 2471 reveretur
535 2420 566 2470 ut
580 2410 684 2470 iudicio
699 2419 749 2469 tuo
764 2409 914 2488 plurimum
927 2410 1038 2469 tribuat.
1067 2409 1148 2467 ric-7

116 2493 192 2554 cedit
207 2494 251 2553 his
268 2494 361 2571 quod,
386 2497 412 2555 si
432 2497 601 2572 cognoverit
622 2494 727 2554 iactum
748 2513 829 2554 suum
849 2497 905 2554 isto
924 2511 1015 2571 usque
1034 2510 1122 2570 pene·

113 2586 227 2654 trasse,
251 2596 376 2639 necesse
398 2588 442 2639 est
463 2580 552 2642 laudis
573 2596 642 2640 suae
659 2580 753 2657 spatio
769 2588 798 2638 ct
813 2597 896 2638 cursu
913 2587 942 2638 et
957 2580 1123 2655 peregrina·

113 2663 193 2722 tione
208 2661 340 2721 laetetur.
368 2661 497 2740 Etenim,
515 2666 616 2724 nescio
633 2680 690 2740 quo
705 2673 807 2742 pacto,
823 2662 871 2722 vel
888 2664 978 2739 magis
993 2662 1122 2721 homines

112 2746 191 2805 iuvat
205 2745 296 2822 gloria
311 2745 368 2806 lata
382 2765 464 2824 quam
477 2765 586 2825 magna.
619 2746 702 2805 Vale.

88 2846 107 2961 l
582 2878 660 2939 xm.

406 2976 432 3028 G.
452 2974 576 3026 PLINIUS
594 2976 710 3027 Tacito
725 2976 785 3028 SUO
800 2976 828 3027 S.

178 3079 293 3139 Salvum
312 3090 341 3140 te
370 3083 398 3139 iu
418 3081 517 3140 urbem
542 3083 657 3142 venisse
680 3082 807 3158 gaudem
834 3082 937 3141 venisti
958 3090 1067 3155 autem,
1095 3082 1143 3140 sit

114 3163 228 3242 quando
248 3164 335 3241 alias,
361 3183 436 3224 nuuc
458 3167 579 3224 maxime
599 3166 665 3224 mihi
682 3165 871 3225 desideratus.
903 3162 972 3241 lpse
992 3161 1120 3238 pauculis

88 3248 207 3313 ¹tadbuc
229 3249 329 3308 diebus
344 3251 372 3308 iu
392 3247 554 3307 Tusculano
576 3249 790 3325 commorabor,
812 3256 842 3306 ut
859 3245 1028 3322 opusculum
1045 3244 1121 3322 quod

113 3335 199 3393 estin
211 3334 339 3392 manibus
351 3331 504 3392 absolvam.
525 3332 638 3392 Vereor
653 3335 727 3392 enim
741 3351 789 3407 ne,
806 3334 831 3390 si
848 3331 920 3389 banc
937 3330 1150 3388 intentionemt

113 3417 211 3475 iamin
227 3416 282 3476 fine
298 3417 442 3494 laxavero,
458 3435 545 3493 aegre
561 3435 710 3477 resumam.
742 3415 857 3474 Interim
872 3412 990 3490 nequid
1006 3412 1122 3473 festina·

112 3502 184 3561 tioni
197 3517 279 3561 meae
291 3510 402 3579 pereat,
417 3500 495 3579 quod
508 3518 571 3560 sum
582 3518 720 3579 praeseus
732 3500 872 3576 petiturus
884 3497 938 3557 hac
949 3498 1028 3575 quasi
1040 3515 1124 3575 prae·
