2588 4116
386 111 647 172 EPISTULARUM
659 112 735 172 Vlll.
748 125 788 175 15.
803 123 845 176 16.
859 122 903 176 17.
1091 115 1150 178 167

147 267 191 325 cia
207 273 315 324 tamen:
340 282 424 323 unum
436 263 556 324 facilitas
574 263 785 323 manumittendi
794 285 801 331 ;
821 264 921 324 videor
935 267 1009 325 enim
1021 282 1077 325 uon
1092 283 1150 326 om·

146 351 212 408 nino
230 349 383 408 inmaturos
402 347 561 424 perdidisse
584 364 657 425 quos
674 348 727 406 iam
747 345 854 407 liberos
870 347 993 426 perdidi;
1020 349 1148 427 alterum,

147 431 224 512 quod
235 432 368 510 permitto
386 431 477 492 servis
494 448 608 508 quoque
624 431 703 509 quasi
720 438 887 503 testamenta
902 429 999 492 lacere
1015 451 1106 511 eaque
1121 443 1150 492 ut

147 515 273 593 legitima
296 515 436 577 custodio.
473 513 605 574 Mandant
623 522 782 591 rogantque
800 513 876 590 quod
892 515 1000 584 visum;
1017 533 1104 594 pareo
1119 526 1175 584 uta

121 600 252 664 siussus.
284 597 434 674 Dividunt,
455 597 574 673 donant,
590 596 768 675 relinquunt,
785 594 925 659 dumtaxat
940 598 1017 658 intra·
1028 599 1149 658 domum.

146 680 218 741 Nam
239 684 330 741 servis
350 681 529 759 respublica
550 680 687 759 quaedam
710 689 739 739 et
762 680 844 756 quasi
867 682 964 742 civitas
981 681 1079 742 domus
1095 692 1148 743 est.

147 764 205 825 Sed
221 783 385 843 quamquam
407 764 451 824 his
473 762 588 826 solaciis
610 763 808 842 adquiescam‚
834 762 968 825 debilitor
987 775 1017 824 et
1035 764 1176 842 lrangora

147 847 247 908 eadem
264 847 312 908 illa
328 849 498 908 humanitate
520 866 591 925 quae
612 864 658 906 me
679 856 709 906 ut
723 845 779 906 hoc
791 847 884 925 ipsum
898 849 1093 926 penuittcrem
1108 851 1149 908 in·

147 931 234 991 duxit.
267 930 331 990 Nou
351 930 417 991 ideo
440 939 532 991 tamen
553 930 640 990 velim
661 929 756 989 durior
775 930 845 990 lieri.
877 928 940 992 Nec
960 931 1062 1010 ignoro
1078 932 1149 992 alios

106 1022 138 1073 10
148 1014 286 1075 eiusmodi
302 1032 385 1075 casus
406 1013 473 1072 nihil
490 1012 608 1092 amplius
624 1031 729 1073 vocare
746 1031 827 1091 quam
843 1014 971 1075 damnum
986 1033 1080 1094 eoque
1096 1016 1150 1076 sibi

146 1116 265 1174 magnos
282 1097 410 1157 homines
429 1105 458 1155 et
474 1097 618 1175 sapientes
635 1095 733 1156 videri.
768 1095 869 1169 Quian
882 1099 974 1176 magni
992 1100 1149 1178 sapientes-

147 1199 203 1260 que
227 1183 281 1240 sint
303 1180 420 1255 nescio,
443 1177 573 1240 homines
591 1196 647 1238 non
668 1188 742 1238 sunt.
774 1177 900 1240 Hominis
917 1191 962 1241 est
980 1184 1053 1242 enim
1067 1182 1176 1250 adlicit

148 1263 260 1340 dolore,
274 1264 392 1340 sentire,
407 1264 544 1323 resistere
556 1271 647 1321 tamen
662 1271 691 1321 et
707 1260 814 1321 solacia
829 1261 987 1341 admittere,
1004 1281 1061 1323 uon
1075 1263 1149 1325 sola·

148 1347 201 1407 ciis
216 1363 272 1406 non
284 1365 383 1424 egere.
408 1345 513 1405 Verum
529 1344 564 1404 de
581 1344 625 1405 his
643 1344 723 1423 plura
740 1343 862 1405 fortasse
879 1363 961 1423 quam
976 1345 1078 1425 debui,
1097 1346 1176 1416 sed5

106 1445 137 1497 15
148 1431 281 1508 pauciora
298 1448 380 1508 quam
400 1429 489 1489 volui.
517 1428 570 1490 Est
588 1431 662 1488 euim
683 1426 820 1506 quaedam
836 1429 919 1489 ctiam
937 1429 1051 1490 dolendi
1068 1431 1149 1490 volu·

147 1523 228 1591 ptas,
250 1514 420 1591 praesertim
435 1514 500 1574 sliu
520 1513 601 1572 amici
616 1513 677 1572 sinu
694 1510 817 1590 defleas,
840 1512 914 1590 apud
929 1532 1011 1591 quem
1026 1513 1148 1575 lacrimis

82 1623 85 1628 ·
146 1597 203 1658 tuis
218 1597 265 1657 vel
280 1597 341 1685 laus
354 1597 391 1657 sit
404 1606 500 1674 parata
513 1595 561 1656 vcl
573 1596 664 1655 venia.
697 1594 777 1655 Vale.

595 1728 686 1789 xvh.

104 1853 139 1906 20
419 1826 446 1877 c.
465 1827 591 1878 verulus
608 1828 753 1880 uncamo
772 1828 832 1880 suo
851 1828 876 1878 S.

208 1928 281 1989 Num
300 1930 365 1990 istic
383 1947 496 2007 quoque
517 1931 613 1990 inmite
635 1940 663 1988 et
683 1931 824 1991 turbidum
845 1929 976 1991 caelum?
1006 1930 1059 1990 Hic
1076 1931 1150 1992 adsi·
1160 1946 1175 1997 1

147 2013 219 2072 duae
240 2020 428 2089 tempestates
450 2021 480 2072 et
501 2013 600 2071 crebra
618 2011 730 2082 diluvia.
765 2013 877 2074 Tiberis
894 2013 1004 2073 alveum
1022 2018 1149 2075 excessit

147 2105 176 2156 et
203 2094 416 2154 demissioribus
438 2094 509 2171 ripis
530 2094 587 2154 alte
616 2095 838 2173 superfunditur.
876 2095 1048 2173 Quamquam
1069 2097 1175 2162 fossas

148 2195 230 2257 quam
250 2176 516 2257 providentissimus
532 2178 684 2256 imperator
698 2179 767 2237 lecit
782 2177 951 2253 exhaustus,
974 2180 1075 2254 premit
1091 2180 1149 2239 val·

123 2262 210 2339 oles,
232 2263 336 2321 innatat
348 2263 472 2339 campis,
489 2278 601 2339 quaque
617 2259 730 2340 planum
746 2260 854 2336 solum,
869 2278 922 2339 pro
937 2260 1000 2320 solo
1018 2263 1149 2322 cernitur.

148 2345 216 2406 lnde
238 2363 311 2424 quae
329 2345 405 2406 solet
424 2344 535 2404 flumina
549 2346 683 2422 accipere
706 2355 735 2404 et
755 2345 893 2423 permixta
910 2343 1054 2404 devehere
1071 2345 1151 2405 velut

149 2430 251 2489 obvius
267 2430 371 2489 sistere
386 2430 481 2506 coph,
500 2437 585 2506 atque
602 2429 640 2488 ita
655 2428 754 2488 alienis
772 2429 852 2506 aquis
870 2430 963 2506 operit
975 2444 1061 2505 agros
1077 2445 1149 2506 quos

148 2515 211 2591 ipse
226 2528 283 2571 non
296 2514 394 2588 tangit.
415 2512 502 2590 Anio,
519 2511 735 2572 delicatissimus
750 2512 870 2571 amnium
881 2511 1004 2590 ideoque
1020 2511 1176 2573 adiacent

148 2595 223 2655 tibus
238 2592 315 2653 villis
330 2593 409 2654 velut
424 2595 555 2654 invitatus
566 2604 763 2674 retentusque,
780 2612 881 2673 magna
895 2604 1022 2673 exparte
1034 2612 1150 2654 nemora

106 2688 142 2742 30
151 2677 253 2755 quibus
267 2676 439 2735 inumbratur
452 2676 538 2754 fregit
553 2687 582 2738 ct
598 2681 704 2756 rapuit:
726 2680 834 2740 subruit
846 2688 956 2739 montes
973 2688 1002 2739 et
1017 2677 1150 2738 deciden-

150 2763 217 2820 tium
237 2758 314 2818 molc
331 2757 459 2836 pluribus
478 2760 552 2820 locis
569 2761 700 2840 clausus,
724 2762 789 2822 dum
803 2763 934 2823 amissum
954 2763 1009 2822 iter
1029 2763 1149 2839 quaerit,

149 2842 259 2922 impulit
273 2850 351 2903 tecta
366 2861 400 2903 ac
414 2862 447 2903 se
462 2860 550 2922 super
566 2845 659 2906 minas
676 2846 763 2905 eiecit
778 2854 862 2924 atque
877 2845 986 2905 extulit.
1015 2844 1179 2906 Viderunt4

150 2944 223 3005 quos
244 2925 452 2987 excelsioribus
471 2927 555 2986 terris
574 2927 622 2988 illa
641 2937 798 3008 tempestas
821 2927 1009 3007 deprehendit
1028 2928 1095 2987 alibi
1109 2928 1150 2987 di-

149 3013 236 3070 vitum
249 3018 400 3088 apparatus
414 3019 443 3070 et
456 3027 572 3087 gravem
587 3011 809 3090 supellectilem,
825 3010 891 3071 alibi
907 3013 1090 3071 iustrumenta
1104 3028 1150 3069 ru·

110 3102 141 3156 35
150 3097 200 3172 ris,
214 3094 254 3152 ibi
269 3093 360 3154 boves
376 3102 466 3153 aratra
481 3103 596 3154 rectore
614 3140 623 3172 ‚
638 3095 685 3154 hic
700 3095 794 3155 soluta
808 3103 838 3154 et
851 3093 940 3153 libera
952 3103 1087 3167 armenta,
1103 3091 1150 3151 ad-

151 3197 206 3257 que
221 3179 294 3237 iutcr
307 3176 379 3236 haec
394 3177 524 3238 arborum
538 3185 582 3237 tm
611 3196 653 3239 tos
668 3186 715 3236 aut
728 3177 859 3237 villarum
873 3175 981 3252 trabes,
992 3176 1070 3234 varie
1081 3174 1150 3234 late·

151 3280 206 3339 que
229 3261 372 3322 fluitantia.
403 3261 448 3320 hc
468 3279 505 3320 ue
526 3259 556 3320 ill
614 3261 707 3321 uidem
726 3258 800 3321 malo
820 3266 992 3317 vacavemnt
1011 3276 1082 3336 quae
1096 3268 1176 3320 noua

151 3343 279 3406 ascendit
295 3345 393 3405 amnis.
423 3341 494 3404 Nam
514 3360 547 3423 pr
598 3361 662 3403 mne
683 3342 774 3402 imber
788 3340 920 3401 adsiduus
937 3350 967 3401 et
983 3340 1087 3402 deiecti
1102 3359 1152 3400 nu·
