2588 4116
134 214 156 277 6
556 202 589 264 G.
612 202 709 263 Pttrtt

134 364 179 421 vir
193 361 317 438 optimus
333 359 361 417 in
378 359 540 436 praesentia
554 356 645 432 velis,
668 373 751 434 quam
766 354 834 433 quid
848 372 963 432 semper
979 355 1018 412 sis
1036 350 1138 428 proba·

109 455 226 507 iturus.
255 440 302 502 ille
324 444 401 501 circa
417 440 484 501 ldus
509 439 643 500 Octobris
659 456 747 517 spero
762 437 870 498 Romae
888 439 1011 497 futurum
1027 433 1138 494 eadem-

135 547 191 607 que
206 526 277 586 haec
295 534 476 604 praesentem
493 542 608 602 quoque
624 532 671 583 tua
688 539 808 600 meaque
826 520 881 581 fide
895 520 976 581 Gallo
993 520 1140 598 confirma3

134 622 241 679 turum;
270 611 316 669 cui
333 619 424 668 tamen
442 609 496 666 iam
516 625 591 667 nunc
611 604 681 665 licet
701 605 844 683 spondeas
866 604 901 663 de
922 606 1015 664 animo
1033 599 1138 680 mcor}

111 690 191 756 sunl
203 690 386 773 κυανέῃσιν
398 681 452 750 ἐπ’
468 680 595 769 ὀφρύσι
607 689 718 748 νεῦσε.
742 686 801 749 Gur
813 689 888 749 enim
903 706 961 748 non
976 705 1161 765 usquequa-5

135 796 192 857 que
213 776 373 835 Homericis
392 773 525 847 versibus
551 790 632 851 agam
653 769 770 832 tecum?
798 782 939 851 quatenus
960 781 989 831 tu
1013 789 1058 830 me
1082 773 1138 830 tuis

133 879 222 938 agere
243 877 299 918 non
320 859 443 935 pateris,
468 874 588 935 quorum
608 864 683 917 tanta
704 856 859 935 eupiditate
879 857 966 916 ardeo
989 865 1021 915 ut
1040 855 1139 914 videar

133 944 201 1002 mihi
215 943 268 1001 bae
284 942 346 1002 sola
365 941 498 1001 mercede
516 958 606 1020 posse
623 942 767 1020 corrumpi
782 949 812 1000 ut
826 939 874 1000 vel
891 951 988 1000 contra
1003 940 1137 1001 Baeticos

110 1027 234 1091 oadstm.
255 1025 348 1085 Paene
360 1027 494 1102 praeterii
507 1025 584 1104 quod
598 1026 712 1085 minime
724 1025 961 1103 praetereundum
975 1023 1038 1100 luit,
1055 1041 1137 1082 acce·

135 1112 215 1187 pisse
232 1128 277 1169 me
296 1117 425 1168 careotas
441 1110 573 1187 optimas,
590 1126 753 1187 quaenunt
769 1125 832 1167 cum
844 1109 904 1169 licis
917 1118 946 1169 et
958 1107 1064 1168 boletis
1078 1126 1181 1178 cer-10

134 1193 246 1253 tandum
261 1193 375 1252 babent.
409 1191 491 1252 Vale.

597 1323 674 1385 Vlll.

313 1426 338 1476 a.
356 1426 479 1477 romnus
499 1424 637 1476 roureio
658 1422 840 1475 snrunnrno
857 1422 915 1474 suo
934 1422 959 1472 S.

110 1545 124 1593 1
193 1526 410 1603 Peropportune
422 1527 490 1584 mihi
504 1524 631 1584 redditae
644 1534 710 1584 sunt
725 1524 837 1583 litterae
851 1532 927 1600 tuae,
941 1523 1044 1599 quibus
1058 1523 1136 1599 flagi·
1146 1550 1178 1599 15

133 1610 212 1669 tabas
234 1618 265 1667 ut
284 1608 336 1667 tibi
356 1606 463 1685 aliquid
485 1626 522 1668 ex
543 1609 660 1684 scriptis
675 1608 747 1667 meis
769 1608 926 1682 mitterem,
951 1622 1015 1663 cum
1033 1623 1089 1682 ego
1108 1607 1136 1665 id

132 1695 227 1768 ipsum
239 1691 437 1751 destinassem.
448 1690 590 1751 Addidisti
604 1708 675 1768 ergo
689 1690 810 1750 calcaria
821 1698 925 1767 sponte
938 1692 1074 1765 currenti,
1086 1707 1135 1766 pa-

131 1775 260 1852 riterque
277 1782 306 1834 et
321 1774 372 1833 tibi
389 1776 500 1834 veniam
516 1774 667 1834 recusandi
684 1773 791 1834 laboris
809 1782 838 1833 et
853 1772 921 1831 mihi
936 1772 1070 1850 exigendi
1085 1793 1135 1832 ve·

107 1856 294 1924 urecundiam
316 1857 467 1918 sustulisti.
497 1857 568 1916 Nam
588 1875 643 1917 nec
667 1876 713 1917 me
729 1856 826 1917 timide
843 1859 883 1916 uti
901 1856 987 1916 decet
1002 1874 1038 1916 eo
1059 1858 1135 1935 qnod

131 1939 256 1999 oblatum
272 1950 317 2001 est
335 1959 395 2023 nec,
406 1952 436 2002 te
452 1942 562 2019 gravam
577 1941 654 2019 quod
672 1941 881 2020 depoposcisti.
903 1939 968 2000 Non
984 1950 1029 2001 est
1044 1951 1178 2016 tame1120

130 2023 208 2101 quod
222 2025 257 2084 ab
274 2024 388 2085 homine
405 2024 553 2085 desidioso
568 2025 675 2105 aliquid
689 2027 757 2085 nori
773 2027 871 2103 operis
888 2034 1037 2103 expectes.
1060 2024 1135 2083 Peti-

130 2115 210 2168 turus
227 2125 289 2168 sum
301 2110 376 2168 enim
388 2119 419 2169 ut
429 2127 527 2170 mrsus
542 2128 629 2170 vaces
646 2112 770 2170 sermoni
786 2127 871 2187 quem
885 2109 959 2188 apud
974 2111 1134 2186 municipes

105 2205 211 2259 3meos
228 2191 313 2252 habui
329 2192 533 2254 bibliothecam
549 2194 741 2256 dedicaturus.
773 2193 888 2253 lllemini
905 2192 1019 2271 quidem
1035 2204 1064 2253 te
1080 2196 1134 2251 iam

129 2275 267 2353 quaedam
288 2276 457 2357 adnotasse,
480 2278 532 2339 sed
552 2278 739 2355 genemliter:
765 2277 830 2336 ideo
847 2294 923 2335 nunc
939 2293 1011 2352 rogo
1028 2286 1058 2334 ut
1077 2293 1133 2335 non

130 2368 235 2420 tantum
250 2363 428 2421 universitati
446 2365 508 2421 eius
530 2361 676 2437 attendas,
694 2377 793 2419 verum
809 2361 892 2418 etiam
907 2358 1061 2434 particulas
1079 2377 1176 2432 quaqf,

129 2443 209 2503 soles
225 2442 291 2502 lima
307 2446 501 2520 persequaris.
520 2443 584 2502 Erit
601 2445 675 2502 enim
692 2449 803 2519 etpost
819 2440 1045 2501 emendationem
1060 2441 1133 2502 libe·

106 2539 192 2591 nrum
211 2526 296 2584 nobis
310 2525 359 2585 vel
379 2525 527 2602 publicare
544 2525 592 2584 vel
614 2527 772 2584 continere.
805 2525 881 2600 Quin
903 2526 987 2584 immo
1008 2524 1132 2586 fortasse

130 2607 202 2667 hanc
223 2610 313 2685 ipsam
336 2611 543 2667 cunctationem
571 2619 696 2669 nostram
725 2610 753 2667 in
779 2607 941 2668 alterutram
963 2614 1131 2670 sententiam

128 2691 334 2751 emendationis
351 2693 422 2750 ratio
440 2691 574 2768 deducet,
591 2710 664 2771 quae
681 2702 727 2752 aut
743 2692 888 2769 indignum
903 2692 1047 2771 editione,
1066 2695 1131 2754 dum

126 2777 242 2852 saepius
258 2783 408 2852 retractat,
424 2776 550 2835 inveniet
570 2786 617 2836 aut
638 2776 769 2855 dignum,
786 2777 852 2836 dum
866 2777 895 2836 id
909 2779 1003 2855 ipsum
1019 2781 1173 2856 eumeni-30

103 2866 190 2933 stur,
216 2858 333 2917 efficiet.
362 2856 538 2937 Quamquam
551 2859 636 2920 buius
651 2863 840 2921 cunctationis
855 2878 936 2921 meae
955 2879 1058 2922 causae
1073 2880 1129 2922 non

127 2950 182 2998 tam
195 2942 224 2999 in
241 2942 357 3019 scriptis
374 2959 456 3020 quam
470 2944 498 3001 in
517 2945 583 3022 ipso
600 2947 734 3005 materiae
749 2964 857 3023 genere
877 2948 1046 3006 consistunt.
1076 2946 1130 3006 Est

126 3024 200 3082 enim
219 3023 305 3102 paulo
326 3027 408 3103 quasi
429 3026 587 3104 gloriosius
610 3037 639 3090 et
657 3028 770 3091 elatius.
804 3029 940 3089 Onerabit
960 3030 1017 3090 boc
1031 3030 1128 3089 mode-

124 3109 207 3168 stiam
222 3118 362 3187 nostram,
379 3112 489 3172 etiamsi
505 3112 587 3174 stilus
599 3116 664 3192 ipse
678 3132 796 3192 pressus
813 3113 1014 3192 demissusque
1030 3114 1126 3192 fuerit,

124 3203 280 3271 propterea
292 3194 369 3271 quod
382 3197 512 3272 cogimur
523 3215 587 3256 cum
602 3198 637 3258 de
653 3199 843 3258 munificentia
857 3208 1004 3276 parentum
1015 3207 1169 3260 nostro-35

100 3276 187 3340 6r'um
206 3287 263 3337 tum
287 3277 322 3338 de
346 3288 443 3340 nostra
462 3279 618 3358 disputare.
649 3283 768 3362 Anceps
783 3282 831 3341 hic
852 3292 882 3341 et
898 3281 1025 3341 lubricus
1044 3282 1126 3341 locus

123 3368 179 3436 est,
201 3362 283 3420 etiam
308 3380 371 3421 cum
386 3362 427 3423 illi
441 3368 599 3427 necessitas
621 3367 809 3428 lenocinatur.
838 3366 951 3424 Etenim
971 3367 996 3424 si
1015 3363 1126 3424 alienae

124 3461 240 3523 quoque
258 3443 357 3507 laudes
374 3465 473 3526 parum
488 3453 588 3528 aequis
603 3455 717 3513 alitibus
735 3453 828 3529 accipi
846 3450 957 3526 solent,
975 3466 1057 3525 quam
1073 3449 1126 3506 dil-
