<?xml version="1.0" encoding="UTF-8"?>
<!DOCTYPE html PUBLIC "-//W3C//DTD XHTML 1.0 Transitional//EN"
    "http://www.w3.org/TR/xhtml1/DTD/xhtml1-transitional.dtd">
<html xmlns="http://www.w3.org/1999/xhtml" xml:lang="en" lang="en">
 <head>
  <title>
</title>
<meta http-equiv="Content-Type" content="text/html;charset=utf-8" />
  <meta name='ocr-system' content='tesseract 3.04.00' />
  <meta name='ocr-capabilities' content='ocr_page ocr_carea ocr_par ocr_line ocrx_word'/>
</head>
<body>
  <div class='ocr_page' id='page_1' title='image "./cplinicaccilise00plingoog_0296.png"; bbox 0 0 2588 4116; ppageno 0'>
   <div class='ocr_carea' id='block_1_1' title="bbox 413 162 1145 231">
    <p class='ocr_par' dir='ltr' id='par_1_1' title="bbox 413 162 1145 231">
     <span class='ocr_line' id='line_1_1' title="bbox 413 162 1145 231; baseline 0.008 -9"><span class='ocrx_word' id='word_1_1' title='bbox 413 162 679 225; x_wconf 79' lang='lat' dir='ltr'><strong>Panuornlcus</strong></span> <span class='ocrx_word' id='word_1_2' title='bbox 698 174 741 226; x_wconf 71' lang='lat'><strong>72.</strong></span> <span class='ocrx_word' id='word_1_3' title='bbox 756 174 797 228; x_wconf 84' lang='lat'><strong>73.</strong></span> <span class='ocrx_word' id='word_1_4' title='bbox 812 174 855 228; x_wconf 79' lang='lat'><strong>74.</strong></span> <span class='ocrx_word' id='word_1_5' title='bbox 1083 167 1145 231; x_wconf 76' lang='lat'><strong>285</strong></span> 
     </span>
    </p>
   </div>
   <div class='ocr_carea' id='block_1_2' title="bbox 93 315 1249 3497">
    <p class='ocr_par' dir='ltr' id='par_1_2' title="bbox 93 315 1249 3497">
     <span class='ocr_line' id='line_1_2' title="bbox 135 315 1145 399; baseline 0.002 -21"><span class='ocrx_word' id='word_1_6' title='bbox 135 319 302 399; x_wconf 76' lang='lat' dir='ltr'><strong>cespitatem</strong></span> <span class='ocrx_word' id='word_1_7' title='bbox 317 318 475 377; x_wconf 88' lang='lat' dir='ltr'><strong>servitutis:</strong></span> <span class='ocrx_word' id='word_1_8' title='bbox 492 316 640 394; x_wconf 78' lang='lat' dir='ltr'>ecquando</span> <span class='ocrx_word' id='word_1_9' title='bbox 655 316 746 376; x_wconf 91' lang='lat' dir='ltr'><strong>simile</strong></span> <span class='ocrx_word' id='word_1_10' title='bbox 762 316 867 396; x_wconf 87' lang='lat' dir='ltr'><strong>aliquid</strong></span> <span class='ocrx_word' id='word_1_11' title='bbox 880 315 1003 378; x_wconf 90' lang='lat' dir='ltr'><strong>audisti?</strong></span> <span class='ocrx_word' id='word_1_12' title='bbox 1021 337 1145 399; x_wconf 82' lang='lat' dir='ltr'><strong>ecquan-</strong></span> 
     </span>
     <span class='ocr_line' id='line_1_3' title="bbox 134 399 1144 483; baseline 0.004 -23"><span class='ocrx_word' id='word_1_13' title='bbox 134 401 172 461; x_wconf 91' lang='lat' dir='ltr'><strong>do</strong></span> <span class='ocrx_word' id='word_1_14' title='bbox 196 399 308 465; x_wconf 91' lang='lat' dir='ltr'><strong>dixisti?</strong></span> <span class='ocrx_word' id='word_1_15' title='bbox 336 400 424 460; x_wconf 85' lang='lat' dir='ltr'><strong>Multa</strong></span> <span class='ocrx_word' id='word_1_16' title='bbox 445 399 558 478; x_wconf 91' lang='lat' dir='ltr'><strong>quidem</strong></span> <span class='ocrx_word' id='word_1_17' title='bbox 580 402 724 476; x_wconf 80' lang='lat' dir='ltr'>excogitat</span> <span class='ocrx_word' id='word_1_18' title='bbox 745 410 854 478; x_wconf 90' lang='lat' dir='ltr'><strong>metus,</strong></span> <span class='ocrx_word' id='word_1_19' title='bbox 883 401 936 463; x_wconf 88' lang='lat' dir='ltr'><strong>sed</strong></span> <span class='ocrx_word' id='word_1_20' title='bbox 963 419 1035 480; x_wconf 88' lang='lat' dir='ltr'><strong>quae</strong></span> <span class='ocrx_word' id='word_1_21' title='bbox 1057 422 1144 483; x_wconf 90' lang='lat' dir='ltr'><strong>appa-</strong></span> 
     </span>
     <span class='ocr_line' id='line_1_4' title="bbox 134 483 1143 563; baseline 0.003 -19"><span class='ocrx_word' id='word_1_22' title='bbox 134 495 215 544; x_wconf 91' lang='lat' dir='ltr'><strong>reant</strong></span> <span class='ocrx_word' id='word_1_23' title='bbox 234 486 361 563; x_wconf 90' lang='lat' dir='ltr'><strong>quaesita</strong></span> <span class='ocrx_word' id='word_1_24' title='bbox 374 485 408 545; x_wconf 88' lang='lat' dir='ltr'><strong>ab</strong></span> <span class='ocrx_word' id='word_1_25' title='bbox 423 485 531 543; x_wconf 87' lang='lat' dir='ltr'><strong>invitis:</strong></span> <span class='ocrx_word' id='word_1_26' title='bbox 557 483 632 543; x_wconf 91' lang='lat' dir='ltr'><strong>aliud</strong></span> <span class='ocrx_word' id='word_1_27' title='bbox 650 483 865 561; x_wconf 76' lang='lat' dir='ltr'><strong>sollicitudinis,</strong></span> <span class='ocrx_word' id='word_1_28' title='bbox 887 483 963 544; x_wconf 87' lang='lat' dir='ltr'><strong>aliud</strong></span> <span class='ocrx_word' id='word_1_29' title='bbox 982 489 1143 547; x_wconf 75' lang='lat' dir='ltr'><strong>securitatis</strong></span> 
     </span>
     <span class='ocr_line' id='line_1_5' title="bbox 133 567 1143 646; baseline 0.001 -19"><span class='ocrx_word' id='word_1_30' title='bbox 133 569 278 646; x_wconf 83' lang='lat' dir='ltr'><strong>ingenium</strong></span> <span class='ocrx_word' id='word_1_31' title='bbox 299 577 357 637; x_wconf 90' lang='lat' dir='ltr'><strong>est;</strong></span> <span class='ocrx_word' id='word_1_32' title='bbox 381 567 435 628; x_wconf 92' lang='lat' dir='ltr'><strong>alia</strong></span> <span class='ocrx_word' id='word_1_33' title='bbox 458 569 578 627; x_wconf 90' lang='lat' dir='ltr'><strong>tristium</strong></span> <span class='ocrx_word' id='word_1_34' title='bbox 601 570 744 644; x_wconf 88' lang='lat' dir='ltr'><strong>inventio,</strong></span> <span class='ocrx_word' id='word_1_35' title='bbox 775 567 829 627; x_wconf 89' lang='lat' dir='ltr'><strong>alia</strong></span> <span class='ocrx_word' id='word_1_36' title='bbox 850 567 1048 644; x_wconf 82' lang='lat' dir='ltr'><strong>gaudentium:</strong></span> <span class='ocrx_word' id='word_1_37' title='bbox 1074 589 1143 630; x_wconf 91' lang='lat' dir='ltr'><strong>neu·</strong></span> 
     </span>
     <span class='ocr_line' id='line_1_6' title="bbox 107 650 1141 730; baseline -0.002 -15"><span class='ocrx_word' id='word_1_38' title='bbox 107 662 208 715; x_wconf 78' lang='lat' dir='ltr'><strong>ttrum</strong></span> <span class='ocrx_word' id='word_1_39' title='bbox 239 651 432 712; x_wconf 79' lang='lat' dir='ltr'><strong>simulationes</strong></span> <span class='ocrx_word' id='word_1_40' title='bbox 462 653 667 730; x_wconf 87' lang='lat' dir='ltr'><strong>expresserint.</strong></span> <span class='ocrx_word' id='word_1_41' title='bbox 706 650 818 711; x_wconf 88' lang='lat' dir='ltr'><strong>Habent</strong></span> <span class='ocrx_word' id='word_1_42' title='bbox 843 669 894 711; x_wconf 92' lang='lat' dir='ltr'><strong>sua</strong></span> <span class='ocrx_word' id='word_1_43' title='bbox 919 653 1007 713; x_wconf 87' lang='lat' dir='ltr'><strong>verba</strong></span> <span class='ocrx_word' id='word_1_44' title='bbox 1035 656 1141 730; x_wconf 90' lang='lat' dir='ltr'><strong>miseri,</strong></span> 
     </span>
     <span class='ocr_line' id='line_1_7' title="bbox 134 734 1143 815; baseline -0.001 -18"><span class='ocrx_word' id='word_1_45' title='bbox 134 755 185 797; x_wconf 93' lang='lat' dir='ltr'><strong>sua</strong></span> <span class='ocrx_word' id='word_1_46' title='bbox 206 735 295 795; x_wconf 88' lang='lat' dir='ltr'><strong>verba</strong></span> <span class='ocrx_word' id='word_1_47' title='bbox 316 735 435 814; x_wconf 85' lang='lat' dir='ltr'><strong>felices,</strong></span> <span class='ocrx_word' id='word_1_48' title='bbox 454 745 542 814; x_wconf 92' lang='lat' dir='ltr'><strong>utque</strong></span> <span class='ocrx_word' id='word_1_49' title='bbox 564 737 618 795; x_wconf 91' lang='lat' dir='ltr'><strong>iam</strong></span> <span class='ocrx_word' id='word_1_50' title='bbox 636 736 756 795; x_wconf 89' lang='lat' dir='ltr'><strong>maxime</strong></span> <span class='ocrx_word' id='word_1_51' title='bbox 778 734 877 795; x_wconf 88' lang='lat' dir='ltr'><strong>eadem</strong></span> <span class='ocrx_word' id='word_1_52' title='bbox 896 735 932 794; x_wconf 88' lang='lat' dir='ltr'><strong>ab</strong></span> <span class='ocrx_word' id='word_1_53' title='bbox 954 737 1081 815; x_wconf 92' lang='lat' dir='ltr'><strong>utrisque</strong></span> <span class='ocrx_word' id='word_1_54' title='bbox 1102 737 1143 796; x_wconf 94' lang='lat' dir='ltr'><strong>di·</strong></span> 
     </span>
     <span class='ocr_line' id='line_1_8' title="bbox 135 817 1194 898; baseline -0.002 -18"><span class='ocrx_word' id='word_1_55' title='bbox 135 829 249 898; x_wconf 89' lang='lat' dir='ltr'><strong>cantur,</strong></span> <span class='ocrx_word' id='word_1_56' title='bbox 270 819 353 880; x_wconf 89' lang='lat' dir='ltr'><strong>aliter</strong></span> <span class='ocrx_word' id='word_1_57' title='bbox 374 818 512 880; x_wconf 90' lang='lat' dir='ltr'><strong>dicuntur.</strong></span> <span class='ocrx_word' id='word_1_58' title='bbox 545 817 639 880; x_wconf 86' lang='lat' dir='ltr'><strong>Testis</strong></span> <span class='ocrx_word' id='word_1_59' title='bbox 662 820 726 898; x_wconf 89' lang='lat' dir='ltr'><strong>ipsc</strong></span> <span class='ocrx_word' id='word_1_60' title='bbox 748 837 780 879; x_wconf 90' lang='lat' dir='ltr'><strong>es</strong></span> <span class='ocrx_word' id='word_1_61' title='bbox 804 820 926 896; x_wconf 90' lang='lat' dir='ltr'><strong>quaein</strong></span> <span class='ocrx_word' id='word_1_62' title='bbox 948 822 1070 878; x_wconf 88' lang='lat' dir='ltr'><strong>omnium</strong></span> <span class='ocrx_word' id='word_1_63' title='bbox 1092 838 1142 881; x_wconf 89' lang='lat' dir='ltr'><strong>ore</strong></span> <span class='ocrx_word' id='word_1_64' title='bbox 1154 822 1194 887; x_wconf 82' lang='lat'><strong>73</strong></span> 
     </span>
     <span class='ocr_line' id='line_1_9' title="bbox 135 901 1142 982; baseline 0.001 -20"><span class='ocrx_word' id='word_1_65' title='bbox 135 903 250 964; x_wconf 89' lang='lat' dir='ltr'><strong>laetitia.</strong></span> <span class='ocrx_word' id='word_1_66' title='bbox 278 902 342 963; x_wconf 91' lang='lat' dir='ltr'><strong>Non</strong></span> <span class='ocrx_word' id='word_1_67' title='bbox 357 904 475 964; x_wconf 88' lang='lat' dir='ltr'><strong>amictus</strong></span> <span class='ocrx_word' id='word_1_68' title='bbox 493 905 639 982; x_wconf 77' lang='lat' dir='ltr'><strong>cuiquam,</strong></span> <span class='ocrx_word' id='word_1_69' title='bbox 662 921 719 963; x_wconf 92' lang='lat' dir='ltr'><strong>non</strong></span> <span class='ocrx_word' id='word_1_70' title='bbox 733 901 845 963; x_wconf 90' lang='lat' dir='ltr'><strong>babitus</strong></span> <span class='ocrx_word' id='word_1_71' title='bbox 860 920 944 980; x_wconf 93' lang='lat' dir='ltr'><strong>quem</strong></span> <span class='ocrx_word' id='word_1_72' title='bbox 959 903 1043 962; x_wconf 94' lang='lat' dir='ltr'><strong>modo</strong></span> <span class='ocrx_word' id='word_1_73' title='bbox 1062 914 1142 963; x_wconf 92' lang='lat' dir='ltr'><strong>extu·</strong></span> 
     </span>
     <span class='ocr_line' id='line_1_10' title="bbox 134 985 1144 1064; baseline 0 -18"><span class='ocrx_word' id='word_1_74' title='bbox 134 987 216 1048; x_wconf 84' lang='lat' dir='ltr'><strong>lerat.</strong></span> <span class='ocrx_word' id='word_1_75' title='bbox 247 985 316 1048; x_wconf 88' lang='lat' dir='ltr'><strong>lndo</strong></span> <span class='ocrx_word' id='word_1_76' title='bbox 332 986 499 1048; x_wconf 83' lang='lat' dir='ltr'><strong>resultantia</strong></span> <span class='ocrx_word' id='word_1_77' title='bbox 518 987 639 1047; x_wconf 86' lang='lat' dir='ltr'><strong>vocibus</strong></span> <span class='ocrx_word' id='word_1_78' title='bbox 656 997 752 1063; x_wconf 89' lang='lat' dir='ltr'><strong>tecta,</strong></span> <span class='ocrx_word' id='word_1_79' title='bbox 773 986 899 1064; x_wconf 84' lang='lat' dir='ltr'><strong>nihilque</strong></span> <span class='ocrx_word' id='word_1_80' title='bbox 916 988 999 1047; x_wconf 92' lang='lat' dir='ltr'><strong>tantis</strong></span> <span class='ocrx_word' id='word_1_81' title='bbox 1015 986 1144 1048; x_wconf 91' lang='lat' dir='ltr'><strong>clamori·</strong></span> 
     </span>
     <span class='ocr_line' id='line_1_11' title="bbox 93 1067 1143 1148; baseline -0.003 -15"><span class='ocrx_word' id='word_1_82' title='bbox 93 1073 190 1135; x_wconf 86' lang='lat' dir='ltr'><strong>lobus</strong></span> <span class='ocrx_word' id='word_1_83' title='bbox 206 1073 274 1131; x_wconf 92' lang='lat' dir='ltr'><strong>satis</strong></span> <span class='ocrx_word' id='word_1_84' title='bbox 291 1070 426 1131; x_wconf 90' lang='lat' dir='ltr'><strong>clausum.</strong></span> <span class='ocrx_word' id='word_1_85' title='bbox 457 1070 527 1145; x_wconf 81' lang='lat' dir='ltr'><strong>Quis</strong></span> <span class='ocrx_word' id='word_1_86' title='bbox 544 1081 681 1132; x_wconf 88' lang='lat' dir='ltr'><strong>tuncuon</strong></span> <span class='ocrx_word' id='word_1_87' title='bbox 697 1072 853 1147; x_wconf 85' lang='lat' dir='ltr'><strong>evestigio</strong></span> <span class='ocrx_word' id='word_1_88' title='bbox 869 1087 921 1131; x_wconf 93' lang='lat' dir='ltr'><strong>suo</strong></span> <span class='ocrx_word' id='word_1_89' title='bbox 938 1067 1056 1131; x_wconf 82' lang='lat' dir='ltr'><strong>exiluit?</strong></span> <span class='ocrx_word' id='word_1_90' title='bbox 1080 1073 1143 1148; x_wconf 88' lang='lat' dir='ltr'><strong>quis</strong></span> 
     </span>
     <span class='ocr_line' id='line_1_12' title="bbox 111 1153 1143 1232; baseline -0.003 -17"><span class='ocrx_word' id='word_1_91' title='bbox 111 1166 114 1171; x_wconf 60' lang='lat'><strong>⁴</strong></span> <span class='ocrx_word' id='word_1_92' title='bbox 136 1155 272 1215; x_wconf 85' lang='lat' dir='ltr'><strong>exiluisse</strong></span> <span class='ocrx_word' id='word_1_93' title='bbox 287 1153 398 1216; x_wconf 87' lang='lat' dir='ltr'><strong>sensit?</strong></span> <span class='ocrx_word' id='word_1_94' title='bbox 415 1154 504 1215; x_wconf 85' lang='lat' dir='ltr'><strong>llulta</strong></span> <span class='ocrx_word' id='word_1_95' title='bbox 514 1155 636 1216; x_wconf 87' lang='lat' dir='ltr'><strong>lecimus</strong></span> <span class='ocrx_word' id='word_1_96' title='bbox 646 1164 760 1232; x_wconf 89' lang='lat' dir='ltr'><strong>sponte,</strong></span> <span class='ocrx_word' id='word_1_97' title='bbox 779 1155 860 1232; x_wconf 89' lang='lat' dir='ltr'><strong>plura</strong></span> <span class='ocrx_word' id='word_1_98' title='bbox 874 1155 1009 1214; x_wconf 92' lang='lat' dir='ltr'><strong>instinctu</strong></span> <span class='ocrx_word' id='word_1_99' title='bbox 1023 1155 1143 1232; x_wconf 89' lang='lat' dir='ltr'><strong>quodam</strong></span> 
     </span>
     <span class='ocr_line' id='line_1_13' title="bbox 134 1236 1142 1320; baseline -0.003 -20"><span class='ocrx_word' id='word_1_100' title='bbox 134 1249 164 1300; x_wconf 90' lang='lat' dir='ltr'><strong>et</strong></span> <span class='ocrx_word' id='word_1_101' title='bbox 179 1240 310 1320; x_wconf 60' lang='lat' dir='ltr'><strong>imperio,</strong></span> <span class='ocrx_word' id='word_1_102' title='bbox 336 1237 407 1299; x_wconf 89' lang='lat' dir='ltr'><strong>Nam</strong></span> <span class='ocrx_word' id='word_1_103' title='bbox 421 1238 525 1316; x_wconf 83' lang='lat' dir='ltr'><strong>gaudio</strong></span> <span class='ocrx_word' id='word_1_104' title='bbox 540 1256 655 1317; x_wconf 93' lang='lat' dir='ltr'><strong>quoque</strong></span> <span class='ocrx_word' id='word_1_105' title='bbox 670 1237 795 1313; x_wconf 88' lang='lat' dir='ltr'><strong>cogendi</strong></span> <span class='ocrx_word' id='word_1_106' title='bbox 809 1238 853 1296; x_wconf 90' lang='lat' dir='ltr'><strong>vis</strong></span> <span class='ocrx_word' id='word_1_107' title='bbox 867 1239 950 1296; x_wconf 89' lang='lat' dir='ltr'><strong>inest.</strong></span> <span class='ocrx_word' id='word_1_108' title='bbox 981 1236 1054 1295; x_wconf 92' lang='lat' dir='ltr'><strong>Num</strong></span> <span class='ocrx_word' id='word_1_109' title='bbox 1072 1256 1142 1316; x_wconf 88' lang='lat' dir='ltr'><strong>ergo</strong></span> 
     </span>
     <span class='ocr_line' id='line_1_14' title="bbox 134 1317 1144 1400; baseline 0 -19"><span class='ocrx_word' id='word_1_110' title='bbox 134 1323 248 1382; x_wconf 91' lang='lat' dir='ltr'><strong>modum</strong></span> <span class='ocrx_word' id='word_1_111' title='bbox 264 1324 291 1382; x_wconf 90' lang='lat' dir='ltr'><strong>ei</strong></span> <span class='ocrx_word' id='word_1_112' title='bbox 304 1332 351 1382; x_wconf 91' lang='lat' dir='ltr'><strong>tua</strong></span> <span class='ocrx_word' id='word_1_113' title='bbox 368 1322 468 1384; x_wconf 91' lang='lat' dir='ltr'><strong>saltem</strong></span> <span class='ocrx_word' id='word_1_114' title='bbox 483 1322 621 1384; x_wconf 89' lang='lat' dir='ltr'><strong>modestia</strong></span> <span class='ocrx_word' id='word_1_115' title='bbox 638 1317 785 1400; x_wconf 81' lang='lat' dir='ltr'><strong>inposuit?</strong></span> <span class='ocrx_word' id='word_1_116' title='bbox 806 1318 887 1398; x_wconf 89' lang='lat' dir='ltr'><strong>Non,</strong></span> <span class='ocrx_word' id='word_1_117' title='bbox 905 1329 1008 1397; x_wconf 86' lang='lat' dir='ltr'><strong>quanto</strong></span> <span class='ocrx_word' id='word_1_118' title='bbox 1023 1324 1113 1397; x_wconf 87' lang='lat' dir='ltr'><strong>magis</strong></span> <span class='ocrx_word' id='word_1_119' title='bbox 1128 1340 1144 1381; x_wconf 90' lang='lat' dir='ltr'><strong>a</strong></span> 
     </span>
     <span class='ocr_line' id='line_1_15' title="bbox 134 1401 1144 1484; baseline -0.003 -18"><span class='ocrx_word' id='word_1_120' title='bbox 134 1417 164 1467; x_wconf 90' lang='lat' dir='ltr'><strong>te</strong></span> <span class='ocrx_word' id='word_1_121' title='bbox 178 1407 403 1484; x_wconf 83' lang='lat' dir='ltr'><strong>reprimebatur,</strong></span> <span class='ocrx_word' id='word_1_122' title='bbox 420 1404 598 1467; x_wconf 77' lang='lat' dir='ltr'><strong>exarsimus?</strong></span> <span class='ocrx_word' id='word_1_123' title='bbox 623 1423 679 1465; x_wconf 91' lang='lat' dir='ltr'><strong>non</strong></span> <span class='ocrx_word' id='word_1_124' title='bbox 698 1405 890 1480; x_wconf 89' lang='lat' dir='ltr'><strong>contumacia,</strong></span> <span class='ocrx_word' id='word_1_125' title='bbox 910 1401 1031 1472; x_wconf 70' lang='lat' dir='ltr'><strong>Caesam</strong></span> <span class='ocrx_word' id='word_1_126' title='bbox 1047 1404 1099 1464; x_wconf 91' lang='lat' dir='ltr'><strong>sed</strong></span> <span class='ocrx_word' id='word_1_127' title='bbox 1114 1415 1144 1463; x_wconf 91' lang='lat' dir='ltr'><strong>ut</strong></span> 
     </span>
     <span class='ocr_line' id='line_1_16' title="bbox 94 1490 1142 1569; baseline -0.006 -16"><span class='ocrx_word' id='word_1_128' title='bbox 94 1501 127 1553; x_wconf 85' lang='lat'><strong>15</strong></span> <span class='ocrx_word' id='word_1_129' title='bbox 136 1493 162 1550; x_wconf 91' lang='lat' dir='ltr'><strong>in</strong></span> <span class='ocrx_word' id='word_1_130' title='bbox 177 1499 224 1550; x_wconf 90' lang='lat' dir='ltr'><strong>tua</strong></span> <span class='ocrx_word' id='word_1_131' title='bbox 244 1500 446 1569; x_wconf 89' lang='lat' dir='ltr'><strong>potestatecst</strong></span> <span class='ocrx_word' id='word_1_132' title='bbox 462 1509 497 1553; x_wconf 94' lang='lat' dir='ltr'><strong>an</strong></span> <span class='ocrx_word' id='word_1_133' title='bbox 513 1491 702 1568; x_wconf 82' lang='lat' dir='ltr'><strong>gaudeamus,</strong></span> <span class='ocrx_word' id='word_1_134' title='bbox 728 1490 766 1547; x_wconf 96' lang='lat' dir='ltr'><strong>ita</strong></span> <span class='ocrx_word' id='word_1_135' title='bbox 782 1490 811 1547; x_wconf 91' lang='lat' dir='ltr'><strong>in</strong></span> <span class='ocrx_word' id='word_1_136' title='bbox 827 1495 959 1567; x_wconf 90' lang='lat' dir='ltr'><strong>quantum</strong></span> <span class='ocrx_word' id='word_1_137' title='bbox 976 1490 1073 1548; x_wconf 91' lang='lat' dir='ltr'><strong>necin</strong></span> <span class='ocrx_word' id='word_1_138' title='bbox 1092 1506 1142 1547; x_wconf 95' lang='lat' dir='ltr'><strong>no·</strong></span> 
     </span>
     <span class='ocr_line' id='line_1_17' title="bbox 136 1570 1143 1655; baseline -0.005 -20"><span class='ocrx_word' id='word_1_139' title='bbox 136 1584 202 1635; x_wconf 87' lang='lat' dir='ltr'><strong>stra.</strong></span> <span class='ocrx_word' id='word_1_140' title='bbox 223 1571 413 1653; x_wconf 81' lang='lat' dir='ltr'><strong>Conprobasti</strong></span> <span class='ocrx_word' id='word_1_141' title='bbox 426 1585 456 1636; x_wconf 91' lang='lat' dir='ltr'><strong>et</strong></span> <span class='ocrx_word' id='word_1_142' title='bbox 470 1578 533 1655; x_wconf 93' lang='lat' dir='ltr'><strong>ipse</strong></span> <span class='ocrx_word' id='word_1_143' title='bbox 545 1574 776 1635; x_wconf 90' lang='lat' dir='ltr'><strong>adclamationum</strong></span> <span class='ocrx_word' id='word_1_144' title='bbox 790 1582 947 1633; x_wconf 88' lang='lat' dir='ltr'><strong>nostrarum</strong></span> <span class='ocrx_word' id='word_1_145' title='bbox 963 1571 1046 1631; x_wconf 88' lang='lat' dir='ltr'><strong>iidem</strong></span> <span class='ocrx_word' id='word_1_146' title='bbox 1061 1570 1143 1633; x_wconf 91' lang='lat' dir='ltr'><strong>lacri-</strong></span> 
     </span>
     <span class='ocr_line' id='line_1_18' title="bbox 136 1655 1143 1731; baseline 0 -15"><span class='ocrx_word' id='word_1_147' title='bbox 136 1676 240 1717; x_wconf 85' lang='lat' dir='ltr'><strong>marum</strong></span> <span class='ocrx_word' id='word_1_148' title='bbox 255 1667 363 1719; x_wconf 91' lang='lat' dir='ltr'><strong>tuarum</strong></span> <span class='ocrx_word' id='word_1_149' title='bbox 378 1660 509 1720; x_wconf 85' lang='lat' dir='ltr'><strong>veritate.</strong></span> <span class='ocrx_word' id='word_1_150' title='bbox 535 1658 662 1719; x_wconf 92' lang='lat' dir='ltr'><strong>Vidimus</strong></span> <span class='ocrx_word' id='word_1_151' title='bbox 677 1667 859 1718; x_wconf 87' lang='lat' dir='ltr'><strong>umesceutcs</strong></span> <span class='ocrx_word' id='word_1_152' title='bbox 876 1655 977 1716; x_wconf 91' lang='lat' dir='ltr'><strong>oculos</strong></span> <span class='ocrx_word' id='word_1_153' title='bbox 992 1665 1075 1731; x_wconf 92' lang='lat' dir='ltr'><strong>tuos,</strong></span> <span class='ocrx_word' id='word_1_154' title='bbox 1094 1655 1143 1716; x_wconf 91' lang='lat' dir='ltr'><strong>de·</strong></span> 
     </span>
     <span class='ocr_line' id='line_1_19' title="bbox 134 1742 1225 1821; baseline -0.003 -21"><span class='ocrx_word' id='word_1_155' title='bbox 134 1742 309 1821; x_wconf 89' lang='lat' dir='ltr'><strong>missumque</strong></span> <span class='ocrx_word' id='word_1_156' title='bbox 321 1743 425 1820; x_wconf 86' lang='lat' dir='ltr'><strong>gaudio</strong></span> <span class='ocrx_word' id='word_1_157' title='bbox 438 1744 555 1819; x_wconf 92' lang='lat' dir='ltr'><strong>vultum,</strong></span> <span class='ocrx_word' id='word_1_158' title='bbox 571 1753 733 1819; x_wconf 88' lang='lat' dir='ltr'><strong>tantumque</strong></span> <span class='ocrx_word' id='word_1_159' title='bbox 745 1743 889 1819; x_wconf 88' lang='lat' dir='ltr'><strong>sanguinis</strong></span> <span class='ocrx_word' id='word_1_160' title='bbox 901 1742 929 1799; x_wconf 96' lang='lat' dir='ltr'><strong>in</strong></span> <span class='ocrx_word' id='word_1_161' title='bbox 946 1757 997 1799; x_wconf 90' lang='lat' dir='ltr'><strong>ore</strong></span> <span class='ocrx_word' id='word_1_162' title='bbox 1012 1750 1144 1818; x_wconf 90' lang='lat' dir='ltr'><strong>quantum</strong></span> <span class='ocrx_word' id='word_1_163' title='bbox 1222 1810 1225 1815; x_wconf 25' lang='grc' dir='ltr'>Ι</span> 
     </span>
     <span class='ocr_line' id='line_1_20' title="bbox 135 1826 1142 1905; baseline -0.003 -20"><span class='ocrx_word' id='word_1_164' title='bbox 135 1827 163 1885; x_wconf 93' lang='lat' dir='ltr'><strong>in</strong></span> <span class='ocrx_word' id='word_1_165' title='bbox 179 1828 270 1885; x_wconf 91' lang='lat' dir='ltr'><strong>animo</strong></span> <span class='ocrx_word' id='word_1_166' title='bbox 285 1826 412 1904; x_wconf 89' lang='lat' dir='ltr'><strong>pudoris.</strong></span> <span class='ocrx_word' id='word_1_167' title='bbox 439 1829 535 1905; x_wconf 83' lang='lat' dir='ltr'><strong>Atque</strong></span> <span class='ocrx_word' id='word_1_168' title='bbox 552 1827 608 1886; x_wconf 88' lang='lat' dir='ltr'><strong>boc</strong></span> <span class='ocrx_word' id='word_1_169' title='bbox 622 1829 711 1902; x_wconf 84' lang='lat' dir='ltr'><strong>magis</strong></span> <span class='ocrx_word' id='word_1_170' title='bbox 728 1827 839 1885; x_wconf 86' lang='lat' dir='ltr'><strong>incensi</strong></span> <span class='ocrx_word' id='word_1_171' title='bbox 855 1842 950 1885; x_wconf 91' lang='lat' dir='ltr'><strong>sumus</strong></span> <span class='ocrx_word' id='word_1_172' title='bbox 966 1834 995 1882; x_wconf 89' lang='lat' dir='ltr'><strong>ut</strong></span> <span class='ocrx_word' id='word_1_173' title='bbox 1010 1841 1142 1903; x_wconf 85' lang='lat' dir='ltr'><strong>precare·</strong></span> 
     </span>
     <span class='ocr_line' id='line_1_21' title="bbox 93 1908 1144 1987; baseline -0.005 -17"><span class='ocrx_word' id='word_1_174' title='bbox 93 1918 196 1970; x_wconf 83' lang='lat' dir='ltr'><strong>20mur</strong></span> <span class='ocrx_word' id='word_1_175' title='bbox 211 1928 247 1968; x_wconf 92' lang='lat' dir='ltr'><strong>ne</strong></span> <span class='ocrx_word' id='word_1_176' title='bbox 269 1909 380 1987; x_wconf 89' lang='lat' dir='ltr'><strong>quando</strong></span> <span class='ocrx_word' id='word_1_177' title='bbox 398 1910 448 1968; x_wconf 91' lang='lat' dir='ltr'><strong>tibi</strong></span> <span class='ocrx_word' id='word_1_178' title='bbox 467 1928 523 1969; x_wconf 94' lang='lat' dir='ltr'><strong>non</strong></span> <span class='ocrx_word' id='word_1_179' title='bbox 539 1909 638 1969; x_wconf 90' lang='lat' dir='ltr'><strong>eadem</strong></span> <span class='ocrx_word' id='word_1_180' title='bbox 656 1925 741 1967; x_wconf 90' lang='lat' dir='ltr'><strong>causa</strong></span> <span class='ocrx_word' id='word_1_181' title='bbox 754 1908 947 1982; x_wconf 90' lang='lat' dir='ltr'><strong>lacrimarum,</strong></span> <span class='ocrx_word' id='word_1_182' title='bbox 965 1918 1055 1985; x_wconf 93' lang='lat' dir='ltr'><strong>utque</strong></span> <span class='ocrx_word' id='word_1_183' title='bbox 1066 1926 1144 1967; x_wconf 94' lang='lat' dir='ltr'><strong>num·</strong></span> 
     </span>
     <span class='ocr_line' id='line_1_22' title="bbox 136 1990 1144 2071; baseline -0.002 -21"><span class='ocrx_word' id='word_1_184' title='bbox 136 2010 219 2071; x_wconf 89' lang='lat' dir='ltr'><strong>quam</strong></span> <span class='ocrx_word' id='word_1_185' title='bbox 241 1991 363 2050; x_wconf 86' lang='lat' dir='ltr'><strong>frontem</strong></span> <span class='ocrx_word' id='word_1_186' title='bbox 384 2001 459 2051; x_wconf 91' lang='lat' dir='ltr'><strong>tuam</strong></span> <span class='ocrx_word' id='word_1_187' title='bbox 482 2039 488 2050; x_wconf 88' lang='lat'><strong>.</strong></span> <span class='ocrx_word' id='word_1_188' title='bbox 508 2038 513 2050; x_wconf 90' lang='lat'><strong><em>.</em></strong></span> <span class='ocrx_word' id='word_1_189' title='bbox 531 2034 561 2049; x_wconf 88' lang='lat'><strong>..</strong></span> <span class='ocrx_word' id='word_1_190' title='bbox 609 1990 671 2050; x_wconf 91' lang='lat' dir='ltr'><strong>Hoc</strong></span> <span class='ocrx_word' id='word_1_191' title='bbox 695 1993 787 2068; x_wconf 94' lang='lat' dir='ltr'><strong>ipsum</strong></span> <span class='ocrx_word' id='word_1_192' title='bbox 808 1990 859 2050; x_wconf 89' lang='lat' dir='ltr'><strong>bas</strong></span> <span class='ocrx_word' id='word_1_193' title='bbox 881 1990 968 2050; x_wconf 89' lang='lat' dir='ltr'><strong>sedes</strong></span> <span class='ocrx_word' id='word_1_194' title='bbox 989 2007 1042 2051; x_wconf 88' lang='lat' dir='ltr'><strong>nos</strong></span> <span class='ocrx_word' id='word_1_195' title='bbox 1065 1991 1144 2068; x_wconf 90' lang='lat' dir='ltr'><strong>quasi</strong></span> 
     </span>
     <span class='ocr_line' id='line_1_23' title="bbox 135 2073 1145 2154; baseline -0.002 -21"><span class='ocrx_word' id='word_1_196' title='bbox 135 2092 326 2154; x_wconf 82' lang='lat' dir='ltr'><strong>responsurus</strong></span> <span class='ocrx_word' id='word_1_197' title='bbox 352 2077 578 2152; x_wconf 86' lang='lat' dir='ltr'><strong>interrogemus,</strong></span> <span class='ocrx_word' id='word_1_198' title='bbox 602 2074 759 2133; x_wconf 90' lang='lat' dir='ltr'><strong>viderintne</strong></span> <span class='ocrx_word' id='word_1_199' title='bbox 784 2091 914 2151; x_wconf 91' lang='lat' dir='ltr'><strong>umquam</strong></span> <span class='ocrx_word' id='word_1_200' title='bbox 942 2074 1079 2151; x_wconf 92' lang='lat' dir='ltr'><strong>principis</strong></span> <span class='ocrx_word' id='word_1_201' title='bbox 1105 2073 1145 2132; x_wconf 90' lang='lat' dir='ltr'><strong>la·</strong></span> 
     </span>
     <span class='ocr_line' id='line_1_24' title="bbox 137 2156 1145 2237; baseline -0.003 -19"><span class='ocrx_word' id='word_1_202' title='bbox 137 2160 253 2219; x_wconf 90' lang='lat' dir='ltr'><strong>crimas:</strong></span> <span class='ocrx_word' id='word_1_203' title='bbox 288 2168 315 2218; x_wconf 88' lang='lat' dir='ltr'><strong>at</strong></span> <span class='ocrx_word' id='word_1_204' title='bbox 334 2168 449 2220; x_wconf 88' lang='lat' dir='ltr'><strong>senatus</strong></span> <span class='ocrx_word' id='word_1_205' title='bbox 471 2176 560 2237; x_wconf 88' lang='lat' dir='ltr'><strong>saepe</strong></span> <span class='ocrx_word' id='word_1_206' title='bbox 581 2158 723 2218; x_wconf 91' lang='lat' dir='ltr'><strong>viderunt.</strong></span> <span class='ocrx_word' id='word_1_207' title='bbox 759 2156 888 2217; x_wconf 88' lang='lat' dir='ltr'><strong>Onerasti</strong></span> <span class='ocrx_word' id='word_1_208' title='bbox 909 2156 1020 2217; x_wconf 78' lang='lat' dir='ltr'><strong>futuros</strong></span> <span class='ocrx_word' id='word_1_209' title='bbox 1042 2158 1145 2234; x_wconf 88' lang='lat' dir='ltr'><strong>princi-</strong></span> 
     </span>
     <span class='ocr_line' id='line_1_25' title="bbox 137 2239 1220 2323; baseline -0.005 -21"><span class='ocrx_word' id='word_1_210' title='bbox 137 2262 207 2322; x_wconf 91' lang='lat' dir='ltr'><strong>pes,</strong></span> <span class='ocrx_word' id='word_1_211' title='bbox 224 2242 275 2303; x_wconf 93' lang='lat' dir='ltr'><strong>sed</strong></span> <span class='ocrx_word' id='word_1_212' title='bbox 290 2254 319 2304; x_wconf 89' lang='lat' dir='ltr'><strong>et</strong></span> <span class='ocrx_word' id='word_1_213' title='bbox 330 2252 465 2323; x_wconf 91' lang='lat' dir='ltr'><strong>posteros</strong></span> <span class='ocrx_word' id='word_1_214' title='bbox 481 2253 606 2304; x_wconf 90' lang='lat' dir='ltr'><strong>nostros.</strong></span> <span class='ocrx_word' id='word_1_215' title='bbox 626 2239 697 2300; x_wconf 89' lang='lat' dir='ltr'><strong>Nam</strong></span> <span class='ocrx_word' id='word_1_216' title='bbox 707 2251 737 2300; x_wconf 91' lang='lat' dir='ltr'><strong>et</strong></span> <span class='ocrx_word' id='word_1_217' title='bbox 752 2241 780 2300; x_wconf 93' lang='lat' dir='ltr'><strong>bi</strong></span> <span class='ocrx_word' id='word_1_218' title='bbox 795 2259 812 2300; x_wconf 84' lang='lat' dir='ltr'><strong>a</strong></span> <span class='ocrx_word' id='word_1_219' title='bbox 825 2240 1001 2319; x_wconf 90' lang='lat' dir='ltr'><strong>principibus</strong></span> <span class='ocrx_word' id='word_1_220' title='bbox 1014 2241 1072 2299; x_wconf 90' lang='lat' dir='ltr'><strong>suis</strong></span> <span class='ocrx_word' id='word_1_221' title='bbox 1084 2242 1143 2298; x_wconf 87' lang='lat' dir='ltr'><strong>exi·</strong></span> <span class='ocrx_word' id='word_1_222' title='bbox 1217 2311 1220 2317; x_wconf 25' lang='grc' dir='ltr'>Ι</span> 
     </span>
     <span class='ocr_line' id='line_1_26' title="bbox 93 2321 1145 2404; baseline -0.009 -15"><span class='ocrx_word' id='word_1_223' title='bbox 93 2336 128 2389; x_wconf 77' lang='lat'><strong>25</strong></span> <span class='ocrx_word' id='word_1_224' title='bbox 139 2336 209 2404; x_wconf 89' lang='lat' dir='ltr'><strong>gent</strong></span> <span class='ocrx_word' id='word_1_225' title='bbox 224 2337 254 2386; x_wconf 93' lang='lat' dir='ltr'><strong>ut</strong></span> <span class='ocrx_word' id='word_1_226' title='bbox 269 2327 369 2388; x_wconf 89' lang='lat' dir='ltr'><strong>eadem</strong></span> <span class='ocrx_word' id='word_1_227' title='bbox 384 2328 480 2387; x_wconf 91' lang='lat' dir='ltr'><strong>audire</strong></span> <span class='ocrx_word' id='word_1_228' title='bbox 496 2335 672 2403; x_wconf 87' lang='lat' dir='ltr'><strong>mereantur,</strong></span> <span class='ocrx_word' id='word_1_229' title='bbox 687 2333 717 2384; x_wconf 91' lang='lat' dir='ltr'><strong>et</strong></span> <span class='ocrx_word' id='word_1_230' title='bbox 731 2324 771 2385; x_wconf 95' lang='lat' dir='ltr'><strong>illi</strong></span> <span class='ocrx_word' id='word_1_231' title='bbox 788 2324 864 2403; x_wconf 93' lang='lat' dir='ltr'><strong>quod</strong></span> <span class='ocrx_word' id='word_1_232' title='bbox 879 2341 935 2383; x_wconf 93' lang='lat' dir='ltr'><strong>non</strong></span> <span class='ocrx_word' id='word_1_233' title='bbox 950 2322 1061 2382; x_wconf 86' lang='lat' dir='ltr'><strong>audiant</strong></span> <span class='ocrx_word' id='word_1_234' title='bbox 1076 2321 1145 2381; x_wconf 93' lang='lat' dir='ltr'><strong>indi·</strong></span> 
     </span>
     <span class='ocr_line' id='line_1_27' title="bbox 136 2404 1196 2492; baseline -0.005 -23"><span class='ocrx_word' id='word_1_235' title='bbox 136 2412 303 2488; x_wconf 87' lang='lat' dir='ltr'><strong>gnabuntur.</strong></span> <span class='ocrx_word' id='word_1_236' title='bbox 330 2410 406 2472; x_wconf 90' lang='lat' dir='ltr'><strong>Nihil</strong></span> <span class='ocrx_word' id='word_1_237' title='bbox 423 2414 513 2490; x_wconf 85' lang='lat' dir='ltr'><strong>magis</strong></span> <span class='ocrx_word' id='word_1_238' title='bbox 529 2428 648 2492; x_wconf 89' lang='lat' dir='ltr'><strong>possum</strong></span> <span class='ocrx_word' id='word_1_239' title='bbox 665 2411 782 2488; x_wconf 89' lang='lat' dir='ltr'><strong>proprie</strong></span> <span class='ocrx_word' id='word_1_240' title='bbox 796 2407 894 2469; x_wconf 89' lang='lat' dir='ltr'><strong>dicere</strong></span> <span class='ocrx_word' id='word_1_241' title='bbox 911 2424 995 2486; x_wconf 89' lang='lat' dir='ltr'><strong>quam</strong></span> <span class='ocrx_word' id='word_1_242' title='bbox 1012 2405 1088 2485; x_wconf 93' lang='lat' dir='ltr'><strong>quod</strong></span> <span class='ocrx_word' id='word_1_243' title='bbox 1104 2404 1144 2464; x_wconf 95' lang='lat' dir='ltr'><strong>di·</strong></span> <span class='ocrx_word' id='word_1_244' title='bbox 1156 2418 1196 2482; x_wconf 80' lang='lat'><strong>74</strong></span> 
     </span>
     <span class='ocr_line' id='line_1_28' title="bbox 138 2491 1143 2574; baseline -0.004 -21"><span class='ocrx_word' id='word_1_245' title='bbox 138 2504 213 2553; x_wconf 92' lang='lat' dir='ltr'><strong>ctum</strong></span> <span class='ocrx_word' id='word_1_246' title='bbox 234 2504 279 2555; x_wconf 87' lang='lat' dir='ltr'><strong>est</strong></span> <span class='ocrx_word' id='word_1_247' title='bbox 299 2515 315 2555; x_wconf 91' lang='lat' dir='ltr'><strong>a</strong></span> <span class='ocrx_word' id='word_1_248' title='bbox 333 2506 437 2557; x_wconf 92' lang='lat' dir='ltr'><strong>cuncto</strong></span> <span class='ocrx_word' id='word_1_249' title='bbox 451 2506 567 2574; x_wconf 90' lang='lat' dir='ltr'><strong>senatu,</strong></span> <span class='ocrx_word' id='word_1_250' title='bbox 591 2502 621 2555; x_wconf 75' lang='lat' dir='ltr'><strong>‘o</strong></span> <span class='ocrx_word' id='word_1_251' title='bbox 635 2504 664 2554; x_wconf 91' lang='lat' dir='ltr'><strong>te</strong></span> <span class='ocrx_word' id='word_1_252' title='bbox 678 2492 823 2553; x_wconf 82' lang='lat' dir='ltr'><strong>felicem&#39;!</strong></span> <span class='ocrx_word' id='word_1_253' title='bbox 856 2491 939 2566; x_wconf 82' lang='lat' dir='ltr'><strong>Quod</strong></span> <span class='ocrx_word' id='word_1_254' title='bbox 955 2508 1019 2551; x_wconf 91' lang='lat' dir='ltr'><strong>cum</strong></span> <span class='ocrx_word' id='word_1_255' title='bbox 1033 2491 1143 2550; x_wconf 90' lang='lat' dir='ltr'><strong>dicere·</strong></span> 
     </span>
     <span class='ocr_line' id='line_1_29' title="bbox 138 2574 1146 2658; baseline -0.003 -23"><span class='ocrx_word' id='word_1_256' title='bbox 138 2594 217 2655; x_wconf 92' lang='lat' dir='ltr'><strong>mus,</strong></span> <span class='ocrx_word' id='word_1_257' title='bbox 234 2595 290 2637; x_wconf 93' lang='lat' dir='ltr'><strong>non</strong></span> <span class='ocrx_word' id='word_1_258' title='bbox 304 2597 375 2658; x_wconf 85' lang='lat' dir='ltr'><strong>opes</strong></span> <span class='ocrx_word' id='word_1_259' title='bbox 390 2590 453 2641; x_wconf 92' lang='lat' dir='ltr'><strong>tuas</strong></span> <span class='ocrx_word' id='word_1_260' title='bbox 468 2580 521 2641; x_wconf 91' lang='lat' dir='ltr'><strong>sed</strong></span> <span class='ocrx_word' id='word_1_261' title='bbox 535 2582 654 2640; x_wconf 90' lang='lat' dir='ltr'><strong>animum</strong></span> <span class='ocrx_word' id='word_1_262' title='bbox 669 2578 846 2638; x_wconf 88' lang='lat' dir='ltr'><strong>mirabamur.</strong></span> <span class='ocrx_word' id='word_1_263' title='bbox 876 2575 929 2637; x_wconf 83' lang='lat' dir='ltr'><strong>Est</strong></span> <span class='ocrx_word' id='word_1_264' title='bbox 945 2579 1019 2636; x_wconf 92' lang='lat' dir='ltr'><strong>enim</strong></span> <span class='ocrx_word' id='word_1_265' title='bbox 1034 2574 1146 2634; x_wconf 93' lang='lat' dir='ltr'><strong>demum</strong></span> 
     </span>
     <span class='ocr_line' id='line_1_30' title="bbox 137 2658 1145 2741; baseline -0.002 -22"><span class='ocrx_word' id='word_1_266' title='bbox 137 2679 206 2721; x_wconf 89' lang='lat' dir='ltr'><strong>vera</strong></span> <span class='ocrx_word' id='word_1_267' title='bbox 220 2661 342 2722; x_wconf 85' lang='lat' dir='ltr'><strong>felicitas</strong></span> <span class='ocrx_word' id='word_1_268' title='bbox 357 2662 495 2724; x_wconf 85' lang='lat' dir='ltr'><strong>felicitate</strong></span> <span class='ocrx_word' id='word_1_269' title='bbox 511 2664 626 2741; x_wconf 87' lang='lat' dir='ltr'><strong>dignum</strong></span> <span class='ocrx_word' id='word_1_270' title='bbox 643 2663 743 2722; x_wconf 85' lang='lat' dir='ltr'><strong>videri.</strong></span> <span class='ocrx_word' id='word_1_271' title='bbox 778 2660 837 2720; x_wconf 86' lang='lat' dir='ltr'><strong>Sed</strong></span> <span class='ocrx_word' id='word_1_272' title='bbox 853 2678 915 2721; x_wconf 91' lang='lat' dir='ltr'><strong>curn</strong></span> <span class='ocrx_word' id='word_1_273' title='bbox 930 2660 1017 2720; x_wconf 93' lang='lat' dir='ltr'><strong>multa</strong></span> <span class='ocrx_word' id='word_1_274' title='bbox 1031 2659 1082 2719; x_wconf 89' lang='lat' dir='ltr'><strong>illo</strong></span> <span class='ocrx_word' id='word_1_275' title='bbox 1099 2658 1145 2717; x_wconf 89' lang='lat' dir='ltr'><strong>die</strong></span> 
     </span>
     <span class='ocr_line' id='line_1_31' title="bbox 94 2743 1145 2827; baseline -0.007 -19"><span class='ocrx_word' id='word_1_276' title='bbox 94 2744 213 2808; x_wconf 85' lang='lat' dir='ltr'><strong>30dicta</strong></span> <span class='ocrx_word' id='word_1_277' title='bbox 228 2755 293 2805; x_wconf 93' lang='lat' dir='ltr'><strong>sunt</strong></span> <span class='ocrx_word' id='word_1_278' title='bbox 309 2748 455 2823; x_wconf 86' lang='lat' dir='ltr'><strong>sapienter</strong></span> <span class='ocrx_word' id='word_1_279' title='bbox 476 2756 505 2807; x_wconf 88' lang='lat' dir='ltr'><strong>ct</strong></span> <span class='ocrx_word' id='word_1_280' title='bbox 522 2750 665 2824; x_wconf 87' lang='lat' dir='ltr'><strong>graviter,</strong></span> <span class='ocrx_word' id='word_1_281' title='bbox 687 2757 744 2805; x_wconf 90' lang='lat' dir='ltr'><strong>turn</strong></span> <span class='ocrx_word' id='word_1_282' title='bbox 757 2745 804 2806; x_wconf 82' lang='lat' dir='ltr'><strong>vel</strong></span> <span class='ocrx_word' id='word_1_283' title='bbox 821 2748 849 2805; x_wconf 90' lang='lat' dir='ltr'><strong>in</strong></span> <span class='ocrx_word' id='word_1_284' title='bbox 866 2747 963 2827; x_wconf 88' lang='lat' dir='ltr'><strong>primis</strong></span> <span class='ocrx_word' id='word_1_285' title='bbox 982 2743 1081 2804; x_wconf 73' lang='lat' dir='ltr'><strong>‘crede</strong></span> <span class='ocrx_word' id='word_1_286' title='bbox 1096 2759 1145 2801; x_wconf 91' lang='lat' dir='ltr'><strong>no·</strong></span> 
     </span>
     <span class='ocr_line' id='line_1_32' title="bbox 138 2826 1146 2907; baseline -0.006 -18"><span class='ocrx_word' id='word_1_287' title='bbox 138 2830 201 2906; x_wconf 90' lang='lat' dir='ltr'><strong>bis,</strong></span> <span class='ocrx_word' id='word_1_288' title='bbox 226 2830 312 2890; x_wconf 87' lang='lat' dir='ltr'><strong>crede</strong></span> <span class='ocrx_word' id='word_1_289' title='bbox 327 2830 399 2889; x_wconf 89' lang='lat' dir='ltr'><strong>tibi’.</strong></span> <span class='ocrx_word' id='word_1_290' title='bbox 431 2831 533 2907; x_wconf 86' lang='lat' dir='ltr'><strong>llagna</strong></span> <span class='ocrx_word' id='word_1_291' title='bbox 547 2831 603 2890; x_wconf 92' lang='lat' dir='ltr'><strong>hoc</strong></span> <span class='ocrx_word' id='word_1_292' title='bbox 622 2831 724 2890; x_wconf 89' lang='lat' dir='ltr'><strong>fiducia</strong></span> <span class='ocrx_word' id='word_1_293' title='bbox 738 2832 846 2906; x_wconf 89' lang='lat' dir='ltr'><strong>nostri,</strong></span> <span class='ocrx_word' id='word_1_294' title='bbox 874 2833 980 2891; x_wconf 90' lang='lat' dir='ltr'><strong>maiore</strong></span> <span class='ocrx_word' id='word_1_295' title='bbox 998 2840 1091 2891; x_wconf 90' lang='lat' dir='ltr'><strong>tamen</strong></span> <span class='ocrx_word' id='word_1_296' title='bbox 1106 2826 1146 2887; x_wconf 92' lang='lat' dir='ltr'><strong>tui</strong></span> 
     </span>
     <span class='ocr_line' id='line_1_33' title="bbox 139 2912 1144 2992; baseline -0.005 -19"><span class='ocrx_word' id='word_1_297' title='bbox 139 2913 266 2973; x_wconf 87' lang='lat' dir='ltr'><strong>diximus.</strong></span> <span class='ocrx_word' id='word_1_298' title='bbox 290 2913 370 2975; x_wconf 80' lang='lat' dir='ltr'><strong>Alius</strong></span> <span class='ocrx_word' id='word_1_299' title='bbox 387 2915 460 2974; x_wconf 93' lang='lat' dir='ltr'><strong>enim</strong></span> <span class='ocrx_word' id='word_1_300' title='bbox 476 2915 599 2976; x_wconf 83' lang='lat' dir='ltr'><strong>fortasse</strong></span> <span class='ocrx_word' id='word_1_301' title='bbox 615 2914 715 2990; x_wconf 92' lang='lat' dir='ltr'><strong>alium,</strong></span> <span class='ocrx_word' id='word_1_302' title='bbox 732 2916 824 2992; x_wconf 88' lang='lat' dir='ltr'><strong>ipsum</strong></span> <span class='ocrx_word' id='word_1_303' title='bbox 838 2933 871 2973; x_wconf 88' lang='lat' dir='ltr'><strong>so</strong></span> <span class='ocrx_word' id='word_1_304' title='bbox 886 2932 970 2974; x_wconf 89' lang='lat' dir='ltr'><strong>nemo</strong></span> <span class='ocrx_word' id='word_1_305' title='bbox 985 2912 1144 2989; x_wconf 86' lang='lat' dir='ltr'><strong>deceperit.</strong></span> 
     </span>
     <span class='ocr_line' id='line_1_34' title="bbox 138 2993 1145 3076; baseline -0.008 -17"><span class='ocrx_word' id='word_1_306' title='bbox 138 2997 320 3075; x_wconf 89' lang='lat' dir='ltr'><strong>lntrospiciat</strong></span> <span class='ocrx_word' id='word_1_307' title='bbox 337 2996 421 3057; x_wconf 94' lang='lat' dir='ltr'><strong>modo</strong></span> <span class='ocrx_word' id='word_1_308' title='bbox 433 3000 533 3076; x_wconf 89' lang='lat' dir='ltr'><strong>vitam,</strong></span> <span class='ocrx_word' id='word_1_309' title='bbox 550 3016 640 3076; x_wconf 91' lang='lat' dir='ltr'><strong>seque</strong></span> <span class='ocrx_word' id='word_1_310' title='bbox 659 2998 725 3076; x_wconf 93' lang='lat' dir='ltr'><strong>quid</strong></span> <span class='ocrx_word' id='word_1_311' title='bbox 741 2999 1061 3073; x_wconf 89' lang='lat' dir='ltr'><strong>mereaturinterroget.</strong></span> <span class='ocrx_word' id='word_1_312' title='bbox 1078 2993 1145 3053; x_wconf 90' lang='lat' dir='ltr'><strong>Pro·</strong></span> 
     </span>
     <span class='ocr_line' id='line_1_35' title="bbox 138 3078 1145 3161; baseline -0.004 -21"><span class='ocrx_word' id='word_1_313' title='bbox 138 3081 203 3141; x_wconf 92' lang='lat' dir='ltr'><strong>inde</strong></span> <span class='ocrx_word' id='word_1_314' title='bbox 216 3081 299 3141; x_wconf 88' lang='lat' dir='ltr'><strong>dabat</strong></span> <span class='ocrx_word' id='word_1_315' title='bbox 313 3082 433 3142; x_wconf 88' lang='lat' dir='ltr'><strong>vocibus</strong></span> <span class='ocrx_word' id='word_1_316' title='bbox 449 3085 553 3142; x_wconf 88' lang='lat' dir='ltr'><strong>nostris</strong></span> <span class='ocrx_word' id='word_1_317' title='bbox 565 3082 648 3140; x_wconf 84' lang='lat' dir='ltr'><strong>fidem</strong></span> <span class='ocrx_word' id='word_1_318' title='bbox 663 3082 738 3161; x_wconf 92' lang='lat' dir='ltr'><strong>apud</strong></span> <span class='ocrx_word' id='word_1_319' title='bbox 751 3083 885 3157; x_wconf 90' lang='lat' dir='ltr'><strong>optimum</strong></span> <span class='ocrx_word' id='word_1_320' title='bbox 897 3082 1055 3158; x_wconf 89' lang='lat' dir='ltr'><strong>principem</strong></span> <span class='ocrx_word' id='word_1_321' title='bbox 1070 3078 1145 3155; x_wconf 86' lang='lat' dir='ltr'><strong>quod</strong></span> 
     </span>
     <span class='ocr_line' id='line_1_36' title="bbox 94 3164 1144 3243; baseline -0.009 -15"><span class='ocrx_word' id='word_1_322' title='bbox 94 3172 129 3228; x_wconf 78' lang='lat'><strong>35</strong></span> <span class='ocrx_word' id='word_1_323' title='bbox 138 3164 211 3243; x_wconf 90' lang='lat' dir='ltr'><strong>apud</strong></span> <span class='ocrx_word' id='word_1_324' title='bbox 229 3164 318 3224; x_wconf 90' lang='lat' dir='ltr'><strong>malos</strong></span> <span class='ocrx_word' id='word_1_325' title='bbox 336 3164 511 3226; x_wconf 90' lang='lat' dir='ltr'><strong>detrahebat.</strong></span> <span class='ocrx_word' id='word_1_326' title='bbox 547 3165 682 3238; x_wconf 83' lang='lat' dir='ltr'><strong>Quamvis</strong></span> <span class='ocrx_word' id='word_1_327' title='bbox 698 3167 770 3224; x_wconf 91' lang='lat' dir='ltr'><strong>enim</strong></span> <span class='ocrx_word' id='word_1_328' title='bbox 787 3164 947 3226; x_wconf 85' lang='lat' dir='ltr'><strong>laceremus</strong></span> <span class='ocrx_word' id='word_1_329' title='bbox 963 3180 1036 3241; x_wconf 87' lang='lat' dir='ltr'><strong>quae</strong></span> <span class='ocrx_word' id='word_1_330' title='bbox 1052 3178 1144 3220; x_wconf 88' lang='lat' dir='ltr'><strong>aman·</strong></span> 
     </span>
     <span class='ocr_line' id='line_1_37' title="bbox 138 3244 1249 3329; baseline -0.003 -21"><span class='ocrx_word' id='word_1_331' title='bbox 138 3258 184 3309; x_wconf 90' lang='lat' dir='ltr'><strong>tes</strong></span> <span class='ocrx_word' id='word_1_332' title='bbox 199 3248 311 3329; x_wconf 88' lang='lat' dir='ltr'><strong>solent,</strong></span> <span class='ocrx_word' id='word_1_333' title='bbox 330 3248 373 3309; x_wconf 94' lang='lat' dir='ltr'><strong>illi</strong></span> <span class='ocrx_word' id='word_1_334' title='bbox 384 3258 477 3310; x_wconf 89' lang='lat' dir='ltr'><strong>tamen</strong></span> <span class='ocrx_word' id='word_1_335' title='bbox 491 3268 547 3310; x_wconf 96' lang='lat' dir='ltr'><strong>non</strong></span> <span class='ocrx_word' id='word_1_336' title='bbox 563 3251 648 3309; x_wconf 90' lang='lat' dir='ltr'><strong>amari</strong></span> <span class='ocrx_word' id='word_1_337' title='bbox 663 3268 695 3309; x_wconf 90' lang='lat' dir='ltr'><strong>se</strong></span> <span class='ocrx_word' id='word_1_338' title='bbox 711 3248 865 3308; x_wconf 88' lang='lat' dir='ltr'><strong>credebant</strong></span> <span class='ocrx_word' id='word_1_339' title='bbox 880 3248 944 3308; x_wconf 90' lang='lat' dir='ltr'><strong>sibi.</strong></span> <span class='ocrx_word' id='word_1_340' title='bbox 966 3248 1060 3325; x_wconf 90' lang='lat' dir='ltr'><strong>Super</strong></span> <span class='ocrx_word' id='word_1_341' title='bbox 1073 3244 1145 3305; x_wconf 89' lang='lat' dir='ltr'><strong>baec</strong></span> <span class='ocrx_word' id='word_1_342' title='bbox 1246 3262 1249 3267; x_wconf 87' lang='lat'>·</span> 
     </span>
     <span class='ocr_line' id='line_1_38' title="bbox 139 3328 1210 3410; baseline -0.005 -20"><span class='ocrx_word' id='word_1_343' title='bbox 139 3335 249 3410; x_wconf 88' lang='lat' dir='ltr'><strong>precati</strong></span> <span class='ocrx_word' id='word_1_344' title='bbox 265 3352 360 3395; x_wconf 89' lang='lat' dir='ltr'><strong>sumus</strong></span> <span class='ocrx_word' id='word_1_345' title='bbox 375 3344 405 3393; x_wconf 94' lang='lat' dir='ltr'><strong>ut</strong></span> <span class='ocrx_word' id='word_1_346' title='bbox 421 3335 464 3394; x_wconf 88' lang='lat' dir='ltr'><strong>sic</strong></span> <span class='ocrx_word' id='word_1_347' title='bbox 478 3342 507 3394; x_wconf 93' lang='lat' dir='ltr'><strong>te</strong></span> <span class='ocrx_word' id='word_1_348' title='bbox 520 3343 643 3395; x_wconf 91' lang='lat' dir='ltr'><strong>amarent</strong></span> <span class='ocrx_word' id='word_1_349' title='bbox 659 3332 695 3391; x_wconf 94' lang='lat' dir='ltr'><strong>dii</strong></span> <span class='ocrx_word' id='word_1_350' title='bbox 710 3330 942 3410; x_wconf 86' lang='lat' dir='ltr'><strong>quemadmodum</strong></span> <span class='ocrx_word' id='word_1_351' title='bbox 953 3341 984 3391; x_wconf 90' lang='lat' dir='ltr'><strong>tu</strong></span> <span class='ocrx_word' id='word_1_352' title='bbox 996 3348 1057 3390; x_wconf 91' lang='lat' dir='ltr'><strong>nos.</strong></span> <span class='ocrx_word' id='word_1_353' title='bbox 1075 3328 1144 3402; x_wconf 85' lang='lat' dir='ltr'><strong>Quis</strong></span> <span class='ocrx_word' id='word_1_354' title='bbox 1207 3330 1210 3334; x_wconf 82' lang='grc'><strong>’</strong></span> 
     </span>
     <span class='ocr_line' id='line_1_39' title="bbox 138 3412 1145 3497; baseline -0.002 -22"><span class='ocrx_word' id='word_1_355' title='bbox 138 3414 195 3476; x_wconf 90' lang='lat' dir='ltr'><strong>boc</strong></span> <span class='ocrx_word' id='word_1_356' title='bbox 208 3426 255 3476; x_wconf 88' lang='lat' dir='ltr'><strong>aut</strong></span> <span class='ocrx_word' id='word_1_357' title='bbox 268 3417 303 3477; x_wconf 87' lang='lat' dir='ltr'><strong>de</strong></span> <span class='ocrx_word' id='word_1_358' title='bbox 316 3438 348 3478; x_wconf 91' lang='lat' dir='ltr'><strong>se</strong></span> <span class='ocrx_word' id='word_1_359' title='bbox 358 3428 404 3479; x_wconf 89' lang='lat' dir='ltr'><strong>aut</strong></span> <span class='ocrx_word' id='word_1_360' title='bbox 418 3419 540 3497; x_wconf 91' lang='lat' dir='ltr'><strong>principi</strong></span> <span class='ocrx_word' id='word_1_361' title='bbox 555 3417 664 3478; x_wconf 91' lang='lat' dir='ltr'><strong>diceret</strong></span> <span class='ocrx_word' id='word_1_362' title='bbox 675 3416 858 3477; x_wconf 89' lang='lat' dir='ltr'><strong>mediocriter</strong></span> <span class='ocrx_word' id='word_1_363' title='bbox 867 3412 989 3476; x_wconf 89' lang='lat' dir='ltr'><strong>amanti?</strong></span> <span class='ocrx_word' id='word_1_364' title='bbox 1001 3414 1055 3474; x_wconf 87' lang='lat' dir='ltr'><strong>Pro</strong></span> <span class='ocrx_word' id='word_1_365' title='bbox 1063 3414 1145 3473; x_wconf 86' lang='lat' dir='ltr'><strong>nobis</strong></span> 
     </span>
    </p>
   </div>
   <div class='ocr_carea' id='block_1_3' title="bbox 0 0 1299 4116">
    <p class='ocr_par' dir='ltr' id='par_1_3' title="bbox 0 0 1299 4116">
     <span class='ocr_line' id='line_1_40' title="bbox 0 0 1299 4116; baseline 0 0"><span class='ocrx_word' id='word_1_366' title='bbox 0 0 1299 4116; x_wconf 95' lang='lat' dir='ltr'><strong> </strong></span> 
     </span>
    </p>
   </div>
  </div>
 </body>
</html>
