2588 4116
205 248 269 311 234
509 242 542 304 C.
566 241 663 303 Pthl
683 241 732 301 ET
755 239 911 301 TRAIANI

206 418 321 463 suorum
334 398 401 458 mihi
418 396 548 475 reliquit;
571 414 608 455 ex
625 395 726 474 quibus
738 411 811 472 rogo
826 392 916 454 tribus
929 393 1041 453 interim
1057 393 1103 453 ius
1123 392 1219 468 Quiri·

205 486 275 545 tium
289 484 350 544 des.
380 480 492 542 Vereor
507 480 581 540 enim
600 497 638 538 ue
658 480 695 539 sit
709 477 878 538 inmodicum
895 494 948 555 pro
964 477 1095 538 omnibns
1108 481 1219 555 pariter

205 570 340 628 invocare
360 565 562 642 indulgentiam
582 573 673 641 tuam,
703 580 758 641 qua
780 561 874 622 debeo
895 568 972 621 tanto
992 559 1155 623 modestius
1178 564 1218 623 uti

206 661 310 731 quanto
327 650 485 730 pleniorem
506 649 649 727 experior.
685 647 755 706 Sunt
777 654 870 705 numm
891 662 944 723 pro
966 643 1071 722 quibus
1093 654 1168 723 peto
1184 644 1215 706 0.

205 735 336 796 Valerius
357 735 513 809 Astraeus,
530 729 563 792 G.
585 729 716 815 Valerius
736 729 908 806 Dionysius,
924 725 959 787 C.
973 726 1105 789 Valerius
1124 731 1239 808 Aper.5

620 863 680 924 ov.
698 860 797 941 {cvm

541 964 704 1016 TRAIANUS
722 961 826 1012 PLINIO
845 961 871 1010 S.

269 1065 339 1127 Cum
359 1067 561 1128 honestissime
576 1069 610 1128 iis
629 1067 676 1144 qui
695 1064 769 1143 apud
787 1063 871 1124 fidem
886 1073 961 1123 tunm
978 1079 994 1121 a
1010 1059 1130 1123 Valerio
1146 1062 1214 1125 Pau·
1287 1050 1288 1111 l

204 1150 264 1211 lino
282 1150 406 1230 depositi
424 1160 488 1212 sunt
505 1150 664 1212 consultum
678 1149 751 1209 vebs
770 1158 878 1208 mature
895 1164 948 1226 per
962 1163 1025 1222 me,
1047 1146 1085 1207 iis
1102 1148 1248 1213 interimit)

203 1235 307 1313 quibus
317 1253 392 1295 nuuc
404 1235 502 1314 petIsti
515 1234 630 1295 dedisse
641 1251 686 1293 me
697 1235 741 1292 ius
754 1231 902 1306 Quiritium
913 1229 1016 1291 referri
1026 1231 1055 1288 iu
1069 1247 1212 1293 commcn-

203 1320 291 1379 tarios
307 1336 388 1381 meos
403 1319 484 1398 iussi,
500 1319 574 1380 idem
589 1318 715 1379 facturus
729 1319 758 1376 in
773 1317 879 1377 ceteris
897 1332 950 1394 pro
966 1313 1071 1393 quibus
1083 1318 1212 1394 petieris.

605 1450 680 1512 cvr.
701 1448 813 1528 [cur]

426 1551 453 1601 G.
468 1549 594 1601 PLINIUS
613 1549 758 1600 TRAIANO
775 1548 983 1599 IllPERATORl.
1217 1574 1243 1628 15
1275 1604 1279 1611 ,

268 1653 412 1732 Rogatus,
434 1654 562 1731 domine,
585 1671 601 1712 a
621 1652 650 1713 P.
669 1651 745 1713 Attio
759 1651 877 1729 Aquila,
900 1654 1068 1714 centurIone
1085 1655 1209 1717 cohortis

203 1745 304 1796 sextae
320 1739 475 1814 equestris,
492 1747 523 1797 ut
537 1738 676 1797 mitterem
690 1736 740 1796 tibi
755 1734 882 1795 libellum
896 1754 950 1815 per
965 1756 1050 1816 quem
1061 1738 1208 1818 indulgen·

204 1821 271 1879 tiam
282 1837 335 1898 pro
351 1830 425 1881 statu
438 1820 512 1880 illine
528 1839 596 1881 suae
608 1819 750 1898 inploret,
774 1818 872 1879 durum
886 1823 982 1899 putavi
996 1839 1125 1901 negare,
1149 1842 1209 1884 cum
1285 1850 1288 1909 ῃ

202 1903 308 1961 scirem
331 1913 459 1980 quautam
478 1904 591 1966 soleres
608 1904 726 1964 militum
749 1903 885 1982 precibus
905 1906 1068 1983 patientiam
1086 1906 1208 1968 humaui·
1286 1918 1288 1939 =

204 1995 347 2065 tatemque
362 1997 519 2066 praestare.
1215 2002 1243 2055 tt

580 2104 665 2166 ovn.
690 2102 815 2181 [ovum
1286 2130 1288 2219 p

539 2205 702 2256 TRAIANUS
717 2205 823 2257 PLINIO
840 2205 868 2257 S.
1188 2208 1194 2219 ‘

264 2303 402 2366 Libellum
413 2307 443 2368 P.
456 2308 525 2367 Attii
538 2307 670 2386 Aquilae,
684 2310 857 2371 centurionis
870 2312 996 2372 cohortis
1008 2323 1107 2374 sextae
1120 2335 1209 2396 eque·

203 2390 281 2466 stris,
298 2408 382 2468 quem
397 2391 462 2450 mihi
477 2392 588 2468 misisti,
607 2391 680 2468 legi:
697 2394 778 2452 cuius
794 2396 929 2471 precibus
945 2408 1039 2459 motus
1054 2397 1118 2458 dedi
1130 2401 1245 2462 liliaeit

201 2473 263 2531 eius
279 2473 421 2533 civitatem
442 2473 603 2534 Romanam.
635 2475 774 2535 Libellum
796 2481 930 2559 rescripti
951 2500 1036 2560 quem
1049 2480 1090 2542 illi
1103 2483 1209 2545 redde·

200 2570 249 2614 res
265 2556 327 2612 misi
342 2556 401 2616 tibi.

572 2637 671 2698 ovttl.
697 2637 833 2724 [CVllll.]

424 2733 451 2783 G.
469 2734 593 2787 PLINIUS
610 2738 753 2791 TRAIANO
772 2743 982 2798 IMPERATORI.

69 2839 73 2847 ·
178 2829 192 2880 1
265 2813 338 2886 Quid
359 2817 465 2878 habere
486 2821 554 2881 iuris
573 2822 646 2883 velis
669 2835 698 2884 ct
717 2825 851 2903 Bithynas
873 2839 901 2890 et
921 2830 1053 2892 Ponticas
1076 2833 1244 2893 civitatesttt

200 2900 229 2957 in
250 2898 397 2976 exigendis
422 2907 551 2980 pecuniis
577 2926 650 2986 quac
672 2908 729 2970 illis
750 2911 798 2971 vel
825 2931 862 2974 ex
888 2913 1078 2975 locationibus
1100 2915 1151 2975 rel
1172 2935 1208 2976 ex

200 2980 409 3043 venditionibus
429 2985 529 3049 alhsve
548 2994 641 3053 causis
664 2992 820 3055 debeantur
840 3015 929 3076 rogo,
953 2998 1082 3075 domiue,
1101 3002 1208 3060 rescri-

198 3065 259 3127 bcs.
289 3065 354 3145 Ego
369 3071 463 3130 inveni
478 3090 494 3131 a
510 3073 656 3154 plerisque
672 3079 890 3156 proconsulibus
906 3099 1074 3143 concessam
1088 3084 1123 3142 iis
1140 3101 1208 3162 pro·
1286 3074 1288 3083 ’

176 3154 346 3232 ttopraxian
363 3164 483 3234 eamque
498 3159 630 3238 prolege
644 3160 777 3222 valuIsse.
810 3162 951 3227 ExistImo
966 3176 1061 3227 tamen
1075 3174 1122 3226 tus
1139 3185 1208 3247 pro·

198 3236 322 3298 videntia
338 3241 566 3302 constituendum
580 3243 685 3322 aliquid
699 3254 728 3305 et
745 3248 944 3326 sanciendum,
968 3269 1022 3330 per
1038 3249 1114 3329 quod
1129 3251 1246 3316 utili-35

197 3320 301 3380 tatibus
323 3340 421 3383 corum
443 3326 473 3383 in
495 3336 664 3405 perpetuum
688 3329 859 3391 consulatur.
893 3332 964 3392 Nam
986 3352 1059 3413 quae
1082 3335 1206 3411 suntab

197 3400 254 3461 illis
269 3404 411 3484 instituta,
432 3408 488 3468 siut
505 3407 572 3469 licet
593 3414 737 3489 sapienter
752 3413 877 3493 indulta,
896 3417 994 3477 brevIa
1008 3427 1101 3477 tamen
1116 3428 1147 3479 et
1162 3420 1205 3478 in·

197 3483 274 3543 lirma
290 3497 365 3565 sunt,
381 3492 436 3550 uisi
450 3490 507 3551 illis
522 3497 722 3574 tuaccutiugit
738 3499 902 3559 auctoritas.

72 3676 156 3808 'h
