2588 4116
160 215 221 277 180
584 215 615 274 G.
639 214 735 275 PblNl

160 386 251 446 equos
268 376 296 428 et
312 386 398 429 canas
418 376 537 428 emeret.
566 365 639 427 lluic
660 383 716 443 ego
737 366 839 425 iuvene
862 363 995 441 digresso
1018 366 1105 429 ‘heus
1124 378 1160 445 tu,

158 469 344 530 numquamne
360 452 455 513 fecisti
473 450 548 530 quod
562 468 578 509 a
592 457 672 529 patre
687 450 791 528 corripi
807 445 929 527 posset?
949 449 1060 528 fecisti,
1078 451 1161 515 dico?

159 553 215 596 non
231 536 370 595 interdum
387 534 457 595 facis
479 533 553 613 quod
571 533 644 594 filius
665 543 747 610 tuus,
770 534 794 592 si
810 542 931 610 repente
946 543 1029 612 pater
1044 535 1113 615 ille,
1135 547 1160 597 tu

160 619 244 696 filius,
266 622 326 697 pari
344 620 482 697 gravitate
496 614 706 696 reprehendat?
727 615 791 676 Non
806 633 904 677 omncs
919 615 1051 680 bomiues
1067 620 1159 700 aliquo

160 719 259 763 errore
277 698 436 763 ducuntur?
451 719 507 761 non
523 700 570 761 bic
582 703 610 760 in
624 699 674 759 illo
691 701 761 777 sibi,
783 702 812 761 in
832 700 889 761 hcc
904 699 976 764 alius
991 702 1178 783 indulgetf’t

134 784 237 847 illaec
253 787 303 845 tibi
318 786 477 847 admonitus
494 786 652 846 inmodicae
666 786 826 845 severitatis
848 785 981 864 exemplo
997 805 1051 866 pro
1067 806 1160 849 amore

159 879 255 929 mutuo
272 871 391 949 scripsi,
417 888 454 929 ne
470 870 580 948 quando
598 878 628 929 tu
642 885 756 947 quoque
773 868 858 928 illium
873 877 949 927 tuum
963 872 1100 933 acerbius
1115 873 1159 932 du·

159 955 274 1031 riusqua
293 962 440 1013 tractares.
470 952 573 1031 Cogita
592 961 621 1013 et
641 951 717 1011 illum
740 969 859 1030 puerum
878 969 945 1013 csse
966 964 997 1013 et
1013 965 1043 1015 te
1059 956 1157 1033 fuisse,

159 1035 250 1113 adque
266 1038 303 1096 ita
320 1036 376 1096 boc
398 1036 473 1115 quod
494 1055 527 1097 cs
549 1045 630 1115 pater
647 1044 727 1095 utere
753 1045 782 1095 ut
800 1038 960 1096 memineris
975 1046 1004 1097 et
1019 1037 1159 1100 bominem

160 1138 226 1178 csse
239 1128 267 1180 te
282 1128 311 1179 et
322 1120 441 1179 bominis
456 1129 572 1198 patrem.
603 1117 683 1177 Vale.
1166 1136 1194 1187 10

625 1251 703 1311 xlll.

420 1352 447 1402 0.
464 1350 588 1403 PLINIUS
604 1351 778 1411 conuentu
796 1350 856 1402 SUO
874 1348 899 1399 S.

135 1464 146 1513 1
222 1452 333 1526 Quanto
353 1452 506 1514 studiosius
521 1454 713 1531 intentiusque
730 1452 825 1528 legisti
846 1451 934 1511 libros
950 1467 1024 1529 quos
1040 1452 1077 1512 de
1095 1452 1157 1513 licl-

159 1536 215 1595 vidi
227 1535 334 1595 ultione
351 1539 515 1614 composui,
537 1545 614 1596 tauto
627 1538 781 1616 impensius
795 1533 923 1613 postulas
938 1545 967 1594 ut
983 1536 1158 1613 perscribam
1166 1544 1192 1595 lt

159 1620 209 1679 tibi
235 1636 307 1697 quae
329 1629 409 1679 extra
428 1618 516 1680 libros
544 1638 674 1699 quaeque
698 1621 774 1678 circa
795 1618 900 1695 libros,
929 1628 1016 1678 totum
1038 1619 1157 1699 denique

133 1702 285 1764 {tordiuem
307 1703 364 1779 rei,
398 1704 443 1763 cui
463 1721 515 1782 per
539 1712 660 1764 aetatem
685 1721 741 1763 uon
768 1702 928 1762 interfuisti.
967 1701 1076 1764 Occiso
1103 1702 1158 1762 Do·

159 1786 271 1844 mitiano
290 1787 373 1845 statui
389 1804 499 1846 mecum
513 1804 547 1847 ac
560 1787 713 1848 deliberavi
730 1803 797 1847 esse
812 1803 939 1862 magnam
955 1785 1157 1864 pulchramque

159 1870 301 1928 materiam
317 1870 472 1931 insectandi
487 1880 643 1949 nocentes,
671 1872 791 1931 miseros
805 1868 979 1946 vindicandi,
1008 1888 1039 1929 se
1063 1870 1157 1948 profe-

159 1951 248 2013 rendi.
277 1951 365 2013 Porro
386 1956 458 2014 inter
472 1956 558 2015 multa
572 1954 684 2016 scelera
696 1953 844 2015 multorum
859 1952 965 2013 nullum
982 1956 1106 2014 atrocius
1119 1955 1192 2016 vitu

159 2036 277 2097 debatur
299 2055 380 2115 quam
395 2039 471 2116 quod
490 2041 517 2098 in
530 2049 629 2100 senatu
644 2048 758 2100 senator
769 2040 903 2116 senatori,
919 2039 1079 2117 praetorius
1093 2055 1158 2098 con·

160 2119 261 2198 sulari,
287 2138 338 2181 reo
358 2121 444 2182 iudex
460 2141 556 2185 manus
580 2121 728 2184 intulisset.
763 2122 865 2182 Fuerat
887 2121 992 2199 alioqui
1013 2120 1081 2181 mibi
1097 2138 1159 2180 cum

160 2202 291 2265 Helvidio
306 2206 442 2284 amicitia,
460 2217 561 2285 quanta
573 2214 705 2285 potuerat
721 2225 788 2267 esse
804 2223 866 2265 cum
882 2222 918 2265 eo
933 2206 981 2283 qui
998 2214 1075 2264 metu
1090 2213 1159 2263 tem-

132 2297 258 2368 3porum
274 2307 376 2350 nomen
392 2292 494 2368 ingens
510 2308 651 2370 paresque
662 2291 781 2348 virtutos
793 2305 912 2349 secessu
924 2287 1053 2364 tegebat,
1070 2287 1160 2347 fuerat

160 2391 222 2433 cum
237 2374 321 2435 Arria
341 2383 370 2433 ct
391 2373 510 2451 liannia,
532 2391 646 2451 quarum
668 2370 757 2431 altera
775 2367 887 2429 Helvidi
907 2384 1048 2444 noverca,
1071 2370 1191 2431 alterati

159 2466 248 2517 mutor
263 2474 415 2517 novercae.
448 2456 507 2517 Sed
524 2472 580 2516 nou
596 2457 634 2514 ita
650 2471 695 2514 me
715 2454 773 2511 iura
788 2452 895 2529 privata
910 2457 939 2507 ut
954 2447 1101 2526 publicum
1121 2455 1160 2515 fas

133 2548 189 2599 let
205 2539 353 2616 indignitas
368 2540 433 2600 facti
449 2549 478 2600 et
490 2537 613 2617 exempli
626 2537 698 2596 ratio
712 2532 852 2596 incitabat.
876 2532 920 2593 bc
935 2532 1033 2610 primis
1046 2537 1160 2611 quidem

159 2621 261 2682 dicbus
278 2623 405 2683 redditae
424 2622 562 2682 libertatis
583 2635 635 2697 pro
650 2634 683 2677 se
698 2617 819 2695 quisque
833 2616 963 2676 inimicos
979 2619 1159 2695 suos,dum-

159 2713 233 2764 tanat
247 2708 389 2784 minores,
407 2704 551 2766 incondito
563 2701 732 2778 turbidoque
749 2698 873 2761 clamore
892 2697 1107 2779 postulaverant
1122 2706 1158 2763 si·

158 2787 216 2847 mul
231 2798 261 2849 ct
275 2798 488 2869 oppresserant.
509 2786 574 2864 ligo
592 2795 621 2845 et
635 2785 792 2846 modestius
806 2793 836 2845 et
854 2787 1027 2847 constantius
1042 2786 1193 2847 arbitra-it

159 2880 204 2933 tus
223 2873 449 2934 immanissimum
469 2887 548 2931 reum
561 2885 619 2929 non
634 2872 772 2929 communi
789 2878 947 2948 temporum
962 2868 1081 2945 invidia,
1107 2870 1157 2931 sod

158 2957 275 3033 proprio
295 2957 410 3017 crimine
431 2970 571 3031 urguere,
596 2970 659 3014 cum
680 2955 732 3014 iam
753 2956 820 3014 satis
838 2955 943 3033 primus
965 2952 1014 3012 ille
1035 2955 1158 3032 impetus

158 3037 358 3101 defremuisset
380 3048 409 3099 ct
432 3034 591 3115 languidior
614 3039 643 3097 in
670 3036 732 3098 dies
758 3038 798 3097 ira
818 3037 853 3097 ad
871 3038 1004 3098 iustitiam
1024 3036 1157 3111 redisset,

158 3140 325 3203 quamquam
338 3132 397 3183 tum
411 3122 531 3182 maxima
552 3122 641 3183 tristis
659 3124 761 3183 amissa
779 3140 870 3201 nuper
892 3137 1000 3197 uxore,
1023 3122 1103 3180 mitto
1123 3120 1159 3180 ad

184 3206 287 3277 niciam
301 3207 402 3286 (nupta
415 3202 488 3266 baec
502 3202 633 3266 Helvidio
645 3205 764 3284 fuerat),
780 3222 853 3283 rogo
867 3213 897 3264 ut
913 3206 1016 3280 veniat,
1033 3205 1098 3281 qnia
1113 3212 1193 3268 mean

53 3332 64 3343 .
130 3310 261 3355 croceus
280 3289 373 3351 adbuc
389 3288 483 3351 luctus
501 3287 597 3350 limine
620 3290 786 3351 contineret.
819 3288 857 3348 Ut
872 3290 960 3364 venit,
977 3287 1159 3346 ‘destinatum

157 3378 216 3437 est’
230 3376 343 3455 inquam
356 3372 435 3434 ‘mibi
452 3374 579 3433 maritum
592 3382 670 3433 tuum
686 3391 741 3434 nou
759 3370 875 3432 inultum
890 3373 955 3449 pati.
989 3368 1092 3430 Nuntia
1104 3370 1158 3431 br·

158 3456 217 3519 rinc
235 3465 266 3520 ct
285 3456 419 3523 Faunbc’
439 3456 491 3535 (ab
508 3456 594 3519 exilio
614 3456 785 3535 redierant):
813 3454 945 3515 ‘consule
969 3464 1015 3531 tc,
1039 3453 1158 3515 consule
