2588 4116
291 211 553 274 urrsruuxuuu
569 228 592 278 1.
609 225 672 277 se.
687 217 810 293 [socc]
826 219 913 296 nse]
1043 217 1104 280 199

97 364 305 442 praefecturam
320 367 420 424 aerarii
437 366 567 444 Saturni,
587 368 717 428 omnibus
730 368 979 447 advocationibus,
1001 370 1104 447 quibus

96 449 202 526 alioqui
216 466 366 527 numquam
382 466 459 508 eram
474 453 637 527 promiscue
652 450 783 529 iunctus,
806 453 980 529 renuntiavi,
996 462 1026 512 ut
1041 464 1103 514 toto

96 533 188 593 animo
203 531 338 610 delegato
354 532 421 591 mihi
437 533 534 593 cilicio
548 552 689 594 vacarem.
724 535 786 609 Qua
802 553 957 611 excausa,
976 553 1039 595 oum
1056 546 1130 616 pet

96 627 208 677 tronum
222 633 268 675 me
284 617 477 696 provinciales
492 627 639 694 optassent
661 627 758 678 contra
772 617 891 678 blasium
905 618 1048 696 Priscum,
1075 632 1104 681 et

72 702 168 779 5petii
181 702 293 760 veniam
303 701 386 761 huius
399 703 523 762 muneris
539 711 569 762 et
583 703 733 780 inpetravi.
762 701 821 762 Sed
838 720 902 762 cum
916 711 1018 782 postea
1037 721 1104 763 con·

97 783 141 844 sul
168 783 333 861 designatus
361 787 522 845 censuisset
542 785 682 864 agendum
703 787 869 862 nobiscum,
897 804 1016 865 quorum
1045 796 1105 847 erat

98 871 243 928 excusatio
259 877 388 947 recepta,
404 878 435 928 ut
450 887 579 930 essemus
596 870 623 929 in
639 880 754 931 senatus
770 878 913 950 potestate
929 879 1103 948 pateremur·

98 970 153 1030 que
174 954 285 1012 nomina
305 963 402 1013 nostra
422 955 451 1012 in
470 971 567 1013 urnam
588 955 697 1032 conici,
722 955 1021 1015 convenientissimum
1035 974 1103 1015 esse

97 1035 291 1115 tranquillitati
312 1036 421 1096 saeculi
440 1039 480 1096 tui
500 1038 596 1116 putavi
616 1040 784 1116 praesertim
799 1050 855 1099 tam
870 1036 1033 1098 moderatae
1052 1057 1103 1098 vo·

54 1121 89 1173 10
97 1120 196 1181 luntati
217 1119 382 1196 amplissimi
403 1119 508 1181 ordinis
529 1139 586 1181 non
605 1140 776 1200 repugnare.
811 1120 862 1182 Cui
880 1122 1022 1201 obsequio
1038 1134 1128 1187 meo3

97 1215 166 1283 opto
186 1213 216 1263 ut
229 1204 375 1264 existimes
392 1213 522 1263 constare
541 1207 697 1282 rationem,
719 1224 784 1264 cum
806 1208 898 1265 omnia
919 1204 993 1266 lacta
1014 1206 1101 1266 dicta·

97 1307 153 1367 que
169 1305 231 1347 mea
247 1287 370 1365 probare
386 1289 571 1349 sanctissimis
587 1289 713 1349 moribus
729 1291 786 1349 tuis
802 1290 922 1366 cupiam.

563 1419 640 1480 XXI.

55 1545 88 1597 ,5
435 1422 598 1571 senardus
616 1421 721 1570 eduum
741 1519 767 1573 s,

158 1617 196 1679 Et
212 1620 283 1681 civis
299 1630 329 1680 et
349 1623 489 1682 senatoris
508 1621 574 1680 boni
596 1621 723 1699 partibus
746 1621 860 1682 iunctus
876 1640 908 1682 es
932 1622 1103 1700 obsequium

97 1703 261 1781 amplissimi
274 1704 391 1784 ordinis,
408 1705 484 1783 quod
496 1707 650 1766 iustissime
662 1706 806 1784 exigebat,
819 1706 999 1784 praestando.
1024 1706 1102 1780 Quas
1205 1714 1208 1719 '

97 1797 193 1866 partes
209 1789 379 1867 inpleturum
395 1799 424 1850 te
438 1790 594 1850 secundum
609 1800 775 1868 susceptam
792 1791 876 1851 fidem
890 1790 1011 1850 conlido.

580 1966 588 1980 .
651 1921 672 1981 1.

322 2019 349 2073 C.
370 2018 495 2070 PLINIUS
510 1922 655 2069 Tllffllddlldl
673 1923 883 2072 llttputtnuout.

160 2117 338 2194 Indulgentia
352 2127 415 2196 tua,
430 2122 583 2197 imperator
597 2122 721 2198 optime,
743 2137 826 2198 quam
846 2119 1040 2199 plenissimam
1055 2138 1131 2188 ex-1

98 2202 213 2281 perior,
235 2200 362 2262 hortatur
375 2219 422 2262 me
436 2213 467 2263 ut
483 2202 600 2263 audeam
619 2204 669 2263 tibi
685 2205 768 2263 etiam
783 2217 836 2280 pro
853 2204 952 2262 amicis
968 2202 1104 2280 obligari;

98 2289 173 2345 inter
186 2302 260 2365 quos
274 2286 327 2346 sibi
342 2286 390 2346 vel
406 2290 591 2367 praecipuum
604 2287 699 2348 locum
712 2285 837 2346 vindicat
847 2286 993 2346 Voconius
1003 2285 1105 2347 Rorna-

55 2379 168 2444 25nus,
191 2371 227 2430 ab
248 2372 363 2433 incunte
385 2381 479 2432 aetate
500 2371 715 2451 condiscipulus
738 2381 767 2430 et
783 2369 995 2432 contubernalis
1014 2388 1104 2430 meus.

100 2453 210 2527 Quibus
227 2474 264 2516 ex
279 2457 373 2517 causis
389 2465 418 2516 et
433 2474 448 2517 a
463 2456 531 2516 divo
549 2465 630 2537 patre
646 2467 696 2516 tuo
712 2457 851 2535 petieram
866 2463 896 2515 ut
911 2452 990 2513 illurn
1006 2456 1036 2514 in
1050 2468 1133 2519 amu

98 2537 256 2617 piissimum
271 2538 397 2600 ordinem
411 2551 605 2619 promoveret.
629 2540 688 2601 Sed
701 2539 758 2600 boc
772 2550 869 2600 votum
883 2556 976 2599 meum
988 2540 1106 2599 bonitati

99 2630 167 2680 tuae
183 2633 360 2683 reservatum
377 2634 433 2703 est,
451 2627 516 2704 quia
530 2635 620 2686 mater
635 2624 754 2685 Romani
765 2623 963 2685 liberalitatem
981 2625 1106 2684 sestertii

100 2703 349 2782 quadringenties,
377 2708 454 2785 quod
480 2708 614 2770 conlerre
641 2729 674 2770 se
695 2709 753 2769 lilio
775 2707 918 2769 codicillis
940 2707 975 2768 ad
996 2718 1106 2787 patrem

54 2797 177 2860 gotium
193 2791 309 2867 scriptis
326 2791 460 2867 professa
475 2792 584 2869 iuerat,
605 2792 728 2853 nondum
748 2794 817 2853 satis
837 2793 964 2870 legitime
983 2810 1106 2870 perege·

100 2882 157 2940 rat;
175 2872 252 2950 quod
266 2883 367 2951 postea
380 2874 451 2935 iecit
465 2875 605 2936 admonita
621 2877 745 2937 anobis.
764 2875 835 2936 Nam
850 2887 879 2935 et
893 2877 997 2936 fundos
1011 2884 1132 2938 eman-3

101 2957 207 3032 cipavit
221 2966 252 3016 et
273 2967 370 3018 cetera
392 2962 507 3036 quaein
529 2962 754 3038 emancipatione
770 2960 904 3038 inplenda
919 2959 1014 3020 solent
1029 2961 1106 3036 exigi

101 3045 313 3102 consummavit.
335 3040 406 3101 Cum
418 3045 454 3103 sit
469 3061 540 3121 ergo
555 3045 661 3104 linitum
674 3044 751 3123 quod
766 3063 835 3122 spes
850 3053 962 3104 nostras
978 3044 1133 3105 morabad

100 3132 161 3199 tur,
183 3143 239 3184 non
255 3128 317 3186 sine
332 3143 432 3203 magna
448 3126 549 3188 iiduoia
564 3127 701 3206 subsigno
717 3128 792 3207 apud
806 3137 836 3186 te
855 3126 939 3187 iidem
952 3142 1005 3204 pro
1022 3128 1105 3185 mori·

56 3207 153 3272 esbus
173 3207 293 3269 Romani
313 3212 386 3285 mei,
410 3228 483 3288 quos
505 3221 535 3271 et
551 3210 681 3272 liberalia
703 3210 795 3273 studia
810 3220 948 3270 exornant
962 3219 992 3268 et
1008 3210 1108 3268 eximia

101 3293 208 3368 pietas,
237 3311 291 3371 qua
312 3293 384 3354 hanc
405 3295 496 3372 ipsam
518 3298 613 3356 matris
632 3294 831 3355 liberalitatem
852 3302 881 3352 et
902 3295 995 3353 statim
1019 3294 1107 3370 patris

101 3374 288 3436 hereditatem
295 3382 331 3437 'et
345 3377 527 3455 adoptionem
542 3397 558 3438 e
571 3382 673 3439 vitrico
691 3379 802 3436 meruit.
824 3377 920 3455 Auget
933 3377 1005 3437 haec
1020 3386 1049 3436 et
1059 3389 1131 3440 nar-5

101 3458 197 3518 talium
212 3471 241 3521 et
252 3470 429 3541 paternarum
441 3462 603 3523 facultatum
614 3461 764 3540 splendor;
781 3462 884 3539 quibus
900 3462 1022 3540 singulis
1036 3461 1106 3520 mul·
