2588 4116
305 210 570 272 EPISTULARUM
583 212 648 272 llll.
665 225 705 276 15.
720 224 763 277 16.
775 223 818 277 17.
1028 217 1068 280 79

56 357 229 444 propinquis
251 362 464 438 consularibus,
495 364 598 441 quibus
626 367 729 425 iudicio
752 368 878 445 ipsorum
901 386 1066 447 quamquam

56 446 292 507 adulescentulus
310 445 401 506 adhuc
416 450 470 505 iam
485 457 578 507 tamen
593 451 716 509 invicem
732 460 895 510 ornamento
911 461 964 512 est.
998 453 1107 523 Pro-11

56 532 123 591 inde
140 529 257 608 indulge
273 532 409 609 precibus
425 533 514 608 meis,
537 532 701 610 obsequere
720 534 858 611 oonsilio,
881 545 911 595 et
927 545 991 596 ante
1007 555 1065 595 onr-

55 618 114 692 nia,
130 617 155 674 si
170 615 305 675 festinare
321 613 437 689 videor,
462 617 601 692 ignosce,
619 619 754 694 primurn,
771 617 848 695 quod
863 620 890 677 in
906 638 940 678 ea
952 621 1066 679 civitate

30 702 87 762 bin
108 716 164 777 qua
183 701 273 758 omnia
291 700 371 777 quasi
390 699 424 757 ab
448 701 655 776 occupantibus
677 711 798 777 aguntur
819 719 891 779 quae
909 702 1066 780 legitimum

56 794 172 860 tempus
188 791 341 861 expectant
357 800 413 841 non
426 790 532 842 matura
547 783 600 842 sed
616 803 680 844 sera
698 793 780 862 sunt,
797 783 911 861 deinde,
928 788 1005 864 quod
1021 807 1066 846 re·

55 885 118 927 rum
137 885 207 944 quas
226 866 344 944 adsequi
366 869 463 944 cupias
484 870 679 946 praesumptio
700 870 762 947 ipsa
785 868 904 929 iucunda
922 879 977 931 est.
1007 871 1064 931 lle·
1075 885 1108 936 12
1154 896 1159 903 ·

56 960 190 1010 vereatur
205 952 258 1009 iam
276 960 304 1010 te
322 950 427 1010 Bassus
443 959 473 1010 ut
491 949 655 1028 consulem,
679 960 709 1011 tu
730 951 817 1030 dilige
838 952 916 1013 illum
932 964 963 1014 ut
978 973 1065 1032 quae·

57 1044 177 1112 storem,
193 1051 247 1093 nos
264 1034 387 1112 denique
404 1037 552 1112 utriusque
566 1045 692 1096 vestrum
704 1039 884 1097 amantissimi
896 1038 1003 1099 laetitia
1015 1040 1064 1098 du·

12 1119 128 1198 10plici
149 1118 334 1197 perlruamur.
367 1115 480 1179 Etenim
502 1136 564 1183 cum
587 1121 629 1180 sic
650 1129 695 1196 te,
725 1121 768 1180 sic
782 1120 900 1180 Bassum
915 1122 1063 1199 diligamus
1074 1133 1108 1186 13

55 1211 87 1262 nt
101 1211 131 1262 et
145 1202 224 1263 illum
242 1204 446 1281 cuiuscumque
466 1211 496 1262 et
515 1212 593 1263 tuum
613 1221 820 1282 quemcumque
842 1216 1022 1282 quaestorem
1036 1209 1065 1265 in

56 1285 191 1366 petendis
218 1285 373 1347 honoribus
401 1288 475 1344 omni
504 1304 561 1365 ope
587 1286 685 1346 labore
712 1290 802 1363 gratia
822 1288 909 1348 simus
931 1291 1063 1366 iuraturi,

55 1387 196 1449 perquam
211 1369 363 1430 iucundum
377 1370 461 1431 nobis
476 1372 548 1447 erit,
569 1373 593 1428 si
608 1372 635 1429 in
652 1370 774 1430 eundem
792 1373 924 1430 iuvenem
944 1372 1064 1432 studium

55 1463 186 1515 nostrum
207 1464 236 1515 et
252 1456 392 1514 amicitiae
414 1472 494 1514 meae
516 1463 545 1513 et
567 1454 732 1515 consulatus
753 1456 794 1512 tui
811 1457 882 1514 ratio
899 1456 1064 1532 contulerit,

11 1538 223 1617 rasilemque
251 1540 386 1616 precibus
408 1539 479 1597 meis
501 1547 531 1598 tu
556 1541 734 1616 potissimum
756 1538 867 1598 adiutor
889 1542 1062 1616 accesseris,

56 1623 139 1682 cuius
154 1632 183 1682 et
198 1623 333 1699 suffragio
354 1631 471 1682 senatus
492 1621 679 1684 libentissime
696 1621 842 1699 indulgeat
858 1633 887 1683 et
901 1625 1064 1684 testimonio

56 1705 207 1784 plurimum
220 1706 326 1767 credat.
357 1706 438 1766 Vale.

526 1839 602 1898 XVI.

198 1998 201 2003 st
254 1937 281 1988 c.
301 1937 426 1988 rnuuus
440 1937 585 1988 vanunro
604 1938 743 1989 Pauutuo
763 1938 823 1988 suo
840 1936 866 1993 S.

123 2038 220 2098 Gaude
235 2056 318 2114 meo,
333 2038 426 2114 gaude
442 2047 508 2112 tuo,
524 2037 616 2114 gande
633 2040 717 2097 etiam
733 2037 850 2115 publico
866 2040 995 2098 nomine:
1016 2039 1088 2101 adl

55 2123 114 2183 buc
129 2122 224 2181 bonor
238 2122 339 2180 studiis
358 2121 447 2179 durat.
474 2120 605 2180 Proxime
627 2138 691 2178 cum
706 2121 834 2179 dicturus
849 2121 923 2197 apud
937 2133 1063 2181 centurn-

53 2209 136 2267 riros
150 2221 262 2280 essem,
280 2202 400 2283 adeundi
412 2203 478 2262 mibi
492 2202 575 2263 locus
588 2204 644 2263 nisi
656 2220 672 2261 a
686 2200 836 2278 tribunali,
852 2204 907 2262 nisi
920 2221 973 2281 per
982 2207 1063 2280 ipsos

55 2292 170 2352 iudices
188 2288 327 2348 nonfuit:
355 2296 429 2346 tanta
450 2289 605 2366 stipatione
627 2296 724 2346 cetera
739 2286 918 2347 tenebantur.
947 2286 993 2345 Ad
1008 2287 1089 2348 hoca

12 2374 170 2453 sequidem
195 2381 309 2432 omatus
332 2371 503 2433 adulescens
524 2373 625 2432 scissis
651 2371 772 2445 tunicis,
801 2377 832 2427 ut
853 2369 1063 2448 infrequentia

57 2458 135 2519 solet
152 2458 225 2533 lieri,
245 2456 307 2516 sola
321 2455 434 2516 velatus
448 2465 516 2534 toga
528 2457 665 2534 perstitit,
682 2464 711 2514 et
722 2454 838 2532 quidem
848 2452 927 2514 boris
940 2464 1063 2532 septem.

56 2541 128 2602 Nam
145 2551 201 2601 tarn
215 2540 262 2601 diu
278 2541 337 2600 dixi
351 2558 454 2619 magno
470 2559 535 2600 curn
548 2540 659 2616 labore,
677 2541 783 2599 maiore
800 2554 863 2597 cum
874 2537 979 2598 fructu.
999 2539 1089 2598 Sto-3

57 2626 174 2687 deamus
189 2642 260 2702 ergo
276 2643 331 2684 neo
345 2624 472 2686 desidiae
483 2635 598 2687 nostrae
616 2623 833 2703 praetendamus
844 2621 973 2682 alienam.
992 2624 1063 2682 Sunt

57 2711 107 2788 qni
124 2709 255 2786 audiant,
277 2720 343 2768 sunt
358 2711 407 2786 qui
423 2709 537 2786 legant,
558 2727 612 2769 nos
628 2707 713 2768 modo
732 2708 846 2786 dignum
861 2706 970 2784 aliquid
989 2708 1062 2767 auri·

14 2793 121 2871 aobus,
139 2794 254 2870 dignunr
268 2793 372 2853 chartis
388 2792 576 2853 elaboremus.
609 2792 691 2852 Vale.
982 2800 986 2809 “

517 2923 608 2985 XVII.

285 3022 312 3078 C.
331 3021 456 3073 PLINIUS
474 3021 580 3073 ASINIO
597 3021 703 3073 GALLO
724 3023 783 3073 SUO
802 3022 829 3076 S.

120 3125 158 3186 Et
179 3125 312 3187 admones
334 3134 364 3185 et
381 3142 466 3202 rogas
486 3133 518 3184 ut
539 3127 693 3204 suscipiam
712 3142 827 3186 causam
848 3121 991 3184 Corelliae
1014 3123 1085 3182 ab·1

16 3212 149 3276 dissentis
167 3221 264 3271 contra
285 3207 319 3270 G.
338 3207 514 3286 Caecilium,
532 3209 679 3270 consulem
696 3209 885 3286 designatum.
914 3204 1000 3278 Quod
1014 3203 1062 3262 ad·

58 3312 159 3356 mones
182 3296 288 3372 gratias
308 3310 381 3372 ago,
402 3291 480 3371 quod
496 3311 582 3371 rogas
605 3311 721 3372 queror.
753 3291 909 3351 Admoneri
924 3289 999 3348 eninr
1013 3287 1061 3346 de·

58 3379 132 3456 beo,
148 3387 180 3438 ut
195 3381 300 3456 sciam,
317 3378 413 3455 rogari
430 3395 486 3437 non
501 3377 594 3438 debeo
612 3387 643 3436 ut
656 3378 757 3436 faciam
773 3373 851 3452 qnod
867 3371 935 3431 mibi
950 3388 1007 3432 non
1020 3370 1061 3430 ia-

59 3482 127 3524 cere
143 3464 338 3541 turpissimum
362 3469 417 3523 est.
446 3461 492 3521 An
512 3479 568 3538 ego
589 3462 663 3521 tueri
680 3457 791 3519 Corelli
814 3455 898 3517 liliam
913 3451 1087 3516 dubitemla

12 1973 49 2025 20

1069 3732 1228 3880 ...r-
