2588 4116
202 179 267 243 264
625 173 658 235 0.
681 172 779 233 PLlNl
1267 39 1278 281 ι

201 329 325 392 feracius
344 337 374 389 et
394 329 527 404 uberius,
553 343 610 387 non
630 326 665 386 ad
684 325 796 386 laudem
814 325 898 384 modo
919 322 973 386 sed
995 322 1031 384 ad
1047 326 1210 403 pecuniam,

202 415 340 493 principi,
355 413 380 472 si
394 411 502 473 herede
518 410 568 470 illo
584 410 712 470 homines
727 411 798 469 mori
813 407 901 469 velint
917 425 1000 486 quam
1015 410 1041 468 si
1058 419 1206 485 cogantur.

201 497 323 558 Donavit
338 504 419 574 pater
434 504 498 555 tuus
512 494 614 571 multa,
631 503 660 553 et
671 496 735 572 ipse
747 493 867 553 donasti.
891 490 1020 552 Gesserit
1033 510 1136 570 parum
1147 511 1207 569 gra·

201 592 261 643 tus:
287 588 399 640 manent
414 589 506 639 tamen
521 580 540 636 ii
556 580 603 656 qui
617 577 700 637 bonis
716 580 778 638 eius
789 577 954 656 fruuntur,
978 575 1110 654 nihilque
1127 593 1165 637 ex
1177 576 1207 635 il·

202 665 238 726 lis
251 665 287 725 ad
302 665 400 725 tenisi
415 662 506 740 gloria
518 662 600 722 redit.
622 660 692 720 Nam
707 659 903 720 liberalitatem
919 659 1121 720 iucundiorem
1131 659 1228 728 debis

202 759 248 809 tor
262 758 375 826 gratus,
399 746 547 806 clariorem
563 749 689 822 ingratus
704 745 780 805 facit.
816 744 874 803 Sed
892 745 955 822 quis
970 753 1036 804 ante
1050 752 1080 803 te
1096 742 1207 804 laudem

203 835 282 893 istam
297 832 436 911 pecuniae
453 826 606 907 praetulit?
626 837 728 908 quotus
744 829 864 907 quisque
879 829 1039 907 principum
1054 846 1092 887 ne
1107 827 1138 886 id
1150 829 1206 905 qui-
1282 860 1284 865 ,

203 916 308 977 demin
324 915 498 993 patrimoniis
514 915 619 974 nostris
634 931 715 972 suum
726 913 804 972 duxit
818 912 893 991 quod
904 907 1118 973 essetdesuo‘l
1133 909 1206 971 Non·

202 1018 238 1058 ne
253 1008 284 1058 ut
298 1015 397 1074 regum
411 999 448 1056 ita
465 994 618 1058 Caesarum
632 1014 746 1056 munera
760 995 855 1056 inlitos
871 996 944 1055 cibis
956 994 1072 1073 hamos,
1090 1005 1206 1072 opertos

202 1081 307 1160 praeda
323 1080 443 1159 laqueos
459 1079 685 1158 aemulabantur,
708 1099 771 1139 cum
791 1081 907 1158 privatis
928 1078 1113 1140 facultatibus
1129 1078 1242 1146 velutlo

202 1166 301 1225 hausta
312 1173 341 1224 et
355 1164 538 1243 multiplicata
547 1174 624 1224 retro
634 1181 731 1224 secum
740 1164 875 1242 quidquid
883 1165 1033 1240 attigerant
1044 1159 1207 1223 referrent?

150 1257 194 1320 44
267 1247 357 1320 Quam
371 1247 439 1308 utile
456 1257 501 1308 est
515 1249 550 1308 ad
564 1266 645 1309 usum
662 1248 850 1308 secundorum
867 1264 921 1325 per
939 1247 1061 1307 advorsa
1074 1246 1206 1307 venisse!

203 1331 304 1392 Vixisti
321 1333 487 1410 nobiscum,
504 1332 681 1410 periclitatus
695 1350 744 1410 es,
765 1333 899 1408 timuisti,
922 1349 994 1410 quae
1009 1340 1077 1391 tunc
1091 1340 1153 1390 erat
1167 1332 1206 1389 in·

203 1418 365 1478 nocentium
379 1419 446 1477 vita.
476 1417 540 1476 Scis
556 1427 585 1477 et
602 1426 739 1494 expertus
754 1434 787 1476 es
805 1423 907 1493 quanto
923 1431 1014 1494 opere
1028 1414 1207 1475 detestentur

203 1500 294 1562 malos
303 1502 450 1579 principes
462 1501 546 1561 etiam
557 1502 605 1578 qui
616 1499 706 1559 malos
717 1499 830 1560 iaciunt.
849 1497 1000 1558 Meministi
1015 1517 1090 1576 quae
1107 1507 1204 1577 optare
1213 1508 1241 1561 15

203 1586 371 1661 nobiscum,
389 1601 462 1662 quae
479 1585 519 1643 sis
536 1586 616 1662 queri
631 1583 740 1644 solitus.
764 1583 835 1643 Nam
851 1585 961 1661 privato
979 1582 1088 1643 indicio
1104 1583 1206 1661 princi·

205 1686 270 1746 pem
290 1670 385 1745 geris,
405 1664 552 1726 meliorem
572 1668 655 1726 immo
675 1675 704 1727 te
726 1676 854 1744 praestas
875 1684 959 1745 quam
976 1667 1028 1726 tibi
1043 1665 1129 1726 alium
1143 1684 1205 1744 prc-

205 1752 315 1811 oabare.
351 1748 450 1829 ltaque
467 1752 509 1809 sic
523 1749 611 1809 inbuti
632 1768 728 1810 sumus
743 1760 789 1828 ut,
813 1751 915 1829 quibus
929 1758 991 1810 erat
1005 1766 1114 1810 summa
1127 1759 1205 1809 voto·

202 1852 264 1893 rum
278 1832 380 1892 melior
395 1835 520 1911 pessimo
537 1835 689 1912 princeps,
711 1835 764 1893 iam
777 1851 833 1894 non
845 1834 988 1913 possimus
1002 1835 1057 1894 nisi
1071 1834 1204 1911 optimum

204 1916 291 1976 ierre.
318 1915 409 1975 Nemo
425 1925 470 1978 est
484 1933 554 1994 crgo
570 1925 624 1976 tam
638 1920 694 1995 tui,
710 1926 765 1977 tam
781 1919 894 1995 ignarus
909 1919 954 1978 sui
968 1926 1000 1977 ut
1012 1917 1111 1978 locum
1122 1918 1244 1978 istumbo

205 2008 311 2079 postte
324 2003 518 2080 concupiscat.
541 1999 665 2062 Facilius
678 2012 723 2063 est
733 2011 763 2062 ut
774 2019 842 2063 esse
853 2000 954 2079 aliquis
969 2018 1128 2063 successor
1142 2010 1205 2061 tuus

205 2085 297 2161 possit
312 2078 394 2162 quam
409 2095 438 2145 nt
453 2085 532 2146 velit.
554 2084 626 2158 Quis
641 2087 714 2145 enim
730 2103 814 2145 curae
825 2094 890 2144 tuae
901 2084 1005 2145 molem
1020 2093 1125 2163 sponte
1141 2083 1206 2145 sub·

205 2166 269 2228 eat?
296 2171 359 2247 quis
377 2172 523 2249 conparari
539 2170 588 2229 tibi
602 2186 659 2228 non
673 2165 859 2230 reformidet?
885 2167 1032 2246 Expertus
1049 2176 1078 2227 et
1097 2170 1161 2247 ipse
1174 2186 1206 2228 cs

205 2254 338 2331 quamsit
354 2271 506 2315 onerosum
524 2252 682 2315 succedere
700 2255 776 2313 bono
793 2253 930 2331 principi,
947 2261 976 2312 et
990 2251 1142 2314 adferebas
1157 2268 1208 2311 ex·

205 2338 380 2397 cusationem
398 2337 534 2415 adoptati.
556 2337 601 2396 An
619 2354 705 2413 parva
720 2354 866 2414 pronaque
881 2345 945 2397 sunt
960 2336 995 2395 ad
1012 2333 1248 2396 aematmdumas

205 2421 281 2498 quod
292 2438 376 2480 nemo
387 2420 607 2481 incolumitatem
618 2421 789 2498 turpitudine
801 2417 952 2499 rependit?
967 2418 1052 2480 Salva
1063 2427 1107 2480 est
1117 2419 1208 2477 omni·

204 2505 257 2563 bus
272 2506 329 2563 vita
344 2513 373 2563 et
389 2504 510 2581 dignitas
523 2504 614 2579 vitae,
630 2522 685 2562 nec
700 2505 751 2562 iam
769 2505 964 2565 consideratus
982 2521 1016 2563 ac
1031 2505 1145 2582 sapiens
1160 2502 1210 2580 qui

203 2595 325 2645 aetatem
337 2588 365 2643 in
380 2586 506 2646 tenebris
521 2587 589 2661 agit.
610 2584 717 2645 Eadem
733 2588 839 2666 qnippe
850 2589 903 2647 sub
914 2589 1044 2666 principe
1059 2586 1211 2646 virtutibus

204 2668 328 2747 praemia
339 2686 411 2746 quae
426 2671 454 2728 in
469 2668 612 2745 libertate,
627 2687 682 2730 nec
697 2670 867 2733 benefactis
882 2681 988 2732 tantum
1005 2689 1043 2730 ex
1058 2670 1209 2730 conscien-

204 2754 242 2811 tia
256 2768 377 2812 mcrces.
400 2751 486 2812 Amas
501 2754 685 2814 constantiam
700 2756 802 2813 civium
816 2765 970 2832 rectosque
982 2773 1016 2815 ac
1026 2753 1139 2813 vividos
1150 2755 1252 2817 ani-3⁰
1269 2758 1272 2763 '

204 2851 267 2894 mos
282 2851 355 2910 non,
372 2844 402 2894 ut
415 2833 479 2912 alii,
496 2837 644 2896 contundis
660 2855 693 2898 ac
709 2837 858 2917 deprimis,
876 2838 928 2900 sed
944 2838 1027 2898 loves
1045 2845 1076 2897 et
1089 2836 1210 2899 attollis.

205 2917 325 2979 Prodest
340 2918 431 2979 bonos
447 2938 530 2997 esse,
558 2938 621 2979 cum
635 2923 672 2982 sit
688 2924 757 2982 satis
778 2922 963 3001 abundeque,
990 2923 1015 2982 si
1033 2938 1089 2980 non
1105 2930 1210 2980 nocet:

205 3005 248 3064 bis
265 3002 407 3080 honores,
428 3003 473 3063 his
489 3004 664 3082 sacerdotia,
685 3006 730 3067 bis
744 3008 905 3085 provincias
920 3006 1022 3067 offers:
1043 3004 1072 3063 hi
1086 3006 1212 3064 amicitia

205 3097 268 3165 tua,
283 3086 311 3146 hi
328 3086 433 3148 iudicio
451 3088 562 3149 llorent.
589 3088 737 3151 Acuuntur
752 3092 806 3151 isto
822 3090 991 3166 integritatis
1009 3097 1038 3148 et
1053 3087 1212 3148 industriae

205 3174 299 3251 pretio
320 3171 444 3249 similes,
471 3173 622 3234 dissimiles
641 3173 825 3234 adliciuntur:
851 3192 913 3234 nam
929 3175 1052 3251 praemia
1068 3172 1254 3235 bonmumos

204 3257 400 3335 malorumque
420 3258 511 3317 bonos
531 3275 565 3317 ac
585 3257 674 3317 malos
689 3256 805 3318 faciunt.
838 3256 923 3317 Pauci
940 3257 1011 3317 adeo
1028 3257 1145 3333 ingenio
1161 3273 1212 3315 va·

205 3339 265 3399 lent
278 3349 308 3399 ut
326 3357 382 3399 non
402 3349 486 3418 turpe
502 3340 728 3420 honestumque,
755 3350 839 3419 prout
854 3343 928 3401 bene
944 3349 990 3399 aut
1004 3357 1089 3401 secus
1107 3341 1212 3415 cessit,

206 3431 340 3502 expetant
363 3423 522 3501 fugiantve;
550 3427 656 3503 ceteri,
683 3425 731 3484 ubi
754 3423 860 3485 laboris
883 3426 1018 3500 inertiae,
1044 3423 1213 3499 vigilantiae
