<?xml version="1.0" encoding="UTF-8"?>
<!DOCTYPE html PUBLIC "-//W3C//DTD XHTML 1.0 Transitional//EN"
    "http://www.w3.org/TR/xhtml1/DTD/xhtml1-transitional.dtd">
<html xmlns="http://www.w3.org/1999/xhtml" xml:lang="en" lang="en">
 <head>
  <title>
</title>
<meta http-equiv="Content-Type" content="text/html;charset=utf-8" />
  <meta name='ocr-system' content='tesseract 3.04.00' />
  <meta name='ocr-capabilities' content='ocr_page ocr_carea ocr_par ocr_line ocrx_word'/>
</head>
<body>
  <div class='ocr_page' id='page_1' title='image "./cplinicaccilise00plingoog_0279.png"; bbox 0 0 2588 4116; ppageno 0'>
   <div class='ocr_carea' id='block_1_1' title="bbox 240 250 837 318">
    <p class='ocr_par' dir='ltr' id='par_1_1' title="bbox 240 250 837 318">
     <span class='ocr_line' id='line_1_1' title="bbox 240 250 837 318; baseline -0.008 -2"><span class='ocrx_word' id='word_1_1' title='bbox 240 255 302 318; x_wconf 76' lang='lat'><strong>268</strong></span> <span class='ocrx_word' id='word_1_2' title='bbox 687 251 718 313; x_wconf 83' lang='lat' dir='ltr'><strong>G.</strong></span> <span class='ocrx_word' id='word_1_3' title='bbox 740 250 837 312; x_wconf 87' lang='lat' dir='ltr'><strong>PLlNl</strong></span> 
     </span>
    </p>
   </div>
   <div class='ocr_carea' id='block_1_2' title="bbox 240 400 1248 740">
    <p class='ocr_par' dir='ltr' id='par_1_2' title="bbox 240 400 1248 740">
     <span class='ocr_line' id='line_1_2' title="bbox 240 400 1247 485; baseline -0.005 -16"><span class='ocrx_word' id='word_1_4' title='bbox 240 408 340 469; x_wconf 85' lang='lat' dir='ltr'><strong>eadem</strong></span> <span class='ocrx_word' id='word_1_5' title='bbox 363 408 522 485; x_wconf 76' lang='lat' dir='ltr'>frequentia</span> <span class='ocrx_word' id='word_1_6' title='bbox 542 405 699 485; x_wconf 88' lang='lat' dir='ltr'><strong>eademque</strong></span> <span class='ocrx_word' id='word_1_7' title='bbox 723 404 771 464; x_wconf 88' lang='lat' dir='ltr'><strong>illa</strong></span> <span class='ocrx_word' id='word_1_8' title='bbox 790 403 933 464; x_wconf 88' lang='lat' dir='ltr'><strong>socialitas</strong></span> <span class='ocrx_word' id='word_1_9' title='bbox 953 400 1096 464; x_wconf 80' lang='lat' dir='ltr'><strong>interest?</strong></span> <span class='ocrx_word' id='word_1_10' title='bbox 1127 420 1186 464; x_wconf 95' lang='lat' dir='ltr'><strong>non</strong></span> <span class='ocrx_word' id='word_1_11' title='bbox 1202 403 1247 464; x_wconf 89' lang='lat' dir='ltr'><strong>tibi</strong></span> 
     </span>
     <span class='ocr_line' id='line_1_3' title="bbox 240 483 1248 570; baseline -0.006 -17"><span class='ocrx_word' id='word_1_12' title='bbox 240 510 356 570; x_wconf 91' lang='lat' dir='ltr'><strong>semper</strong></span> <span class='ocrx_word' id='word_1_13' title='bbox 377 492 405 550; x_wconf 94' lang='lat' dir='ltr'><strong>in</strong></span> <span class='ocrx_word' id='word_1_14' title='bbox 422 491 515 552; x_wconf 91' lang='lat' dir='ltr'><strong>medio</strong></span> <span class='ocrx_word' id='word_1_15' title='bbox 537 490 616 550; x_wconf 90' lang='lat' dir='ltr'><strong>cibus</strong></span> <span class='ocrx_word' id='word_1_16' title='bbox 631 506 802 567; x_wconf 80' lang='lat' dir='ltr'><strong>semperque</strong></span> <span class='ocrx_word' id='word_1_17' title='bbox 816 505 914 548; x_wconf 88' lang='lat' dir='ltr'><strong>mensa</strong></span> <span class='ocrx_word' id='word_1_18' title='bbox 929 483 1110 547; x_wconf 78' lang='lat' dir='ltr'><strong>communis?</strong></span> <span class='ocrx_word' id='word_1_19' title='bbox 1143 506 1201 547; x_wconf 92' lang='lat' dir='ltr'><strong>non</strong></span> <span class='ocrx_word' id='word_1_20' title='bbox 1215 506 1248 548; x_wconf 83' lang='lat' dir='ltr'><strong>eu</strong></span> 
     </span>
     <span class='ocr_line' id='line_1_4' title="bbox 243 568 1246 651; baseline -0.005 -15"><span class='ocrx_word' id='word_1_21' title='bbox 243 577 377 636; x_wconf 86' lang='lat' dir='ltr'><strong>convictu</strong></span> <span class='ocrx_word' id='word_1_22' title='bbox 394 584 492 635; x_wconf 89' lang='lat' dir='ltr'><strong>nostro</strong></span> <span class='ocrx_word' id='word_1_23' title='bbox 507 584 601 635; x_wconf 90' lang='lat' dir='ltr'><strong>mutua</strong></span> <span class='ocrx_word' id='word_1_24' title='bbox 616 568 769 651; x_wconf 80' lang='lat' dir='ltr'><strong>voluptas?</strong></span> <span class='ocrx_word' id='word_1_25' title='bbox 790 589 846 632; x_wconf 94' lang='lat' dir='ltr'><strong>non</strong></span> <span class='ocrx_word' id='word_1_26' title='bbox 857 587 999 650; x_wconf 85' lang='lat' dir='ltr'><strong>provocas</strong></span> <span class='ocrx_word' id='word_1_27' title='bbox 1012 570 1175 651; x_wconf 90' lang='lat' dir='ltr'><strong>reddisque</strong></span> <span class='ocrx_word' id='word_1_28' title='bbox 1190 590 1246 632; x_wconf 87' lang='lat' dir='ltr'><strong>ser·</strong></span> 
     </span>
     <span class='ocr_line' id='line_1_5' title="bbox 241 654 1246 740; baseline -0.001 -23"><span class='ocrx_word' id='word_1_29' title='bbox 241 656 363 719; x_wconf 82' lang='lat' dir='ltr'><strong>mones?</strong></span> <span class='ocrx_word' id='word_1_30' title='bbox 385 676 442 718; x_wconf 93' lang='lat' dir='ltr'><strong>non</strong></span> <span class='ocrx_word' id='word_1_31' title='bbox 459 659 550 737; x_wconf 88' lang='lat' dir='ltr'><strong>ipsum</strong></span> <span class='ocrx_word' id='word_1_32' title='bbox 570 666 682 740; x_wconf 89' lang='lat' dir='ltr'><strong>tempus</strong></span> <span class='ocrx_word' id='word_1_33' title='bbox 700 654 845 735; x_wconf 87' lang='lat' dir='ltr'><strong>epularum</strong></span> <span class='ocrx_word' id='word_1_34' title='bbox 864 664 988 730; x_wconf 87' lang='lat' dir='ltr'><strong>tuarum,</strong></span> <span class='ocrx_word' id='word_1_35' title='bbox 1012 672 1080 714; x_wconf 90' lang='lat' dir='ltr'><strong>cum</strong></span> <span class='ocrx_word' id='word_1_36' title='bbox 1101 655 1246 734; x_wconf 75' lang='lat' dir='ltr'><strong>frugalitas</strong></span> 
     </span>
    </p>
   </div>
   <div class='ocr_carea' id='block_1_3' title="bbox 190 735 1287 3574">
    <p class='ocr_par' dir='ltr' id='par_1_3' title="bbox 241 735 1274 1902">
     <span class='ocr_line' id='line_1_6' title="bbox 242 735 1264 820; baseline -0.001 -18"><span class='ocrx_word' id='word_1_37' title='bbox 242 743 404 820; x_wconf 88' lang='lat' dir='ltr'><strong>contrabat,</strong></span> <span class='ocrx_word' id='word_1_38' title='bbox 430 741 557 802; x_wconf 81' lang='lat' dir='ltr'><strong>extendit</strong></span> <span class='ocrx_word' id='word_1_39' title='bbox 578 735 754 801; x_wconf 82' lang='lat' dir='ltr'><strong>humanitas?</strong></span> <span class='ocrx_word' id='word_1_40' title='bbox 782 737 846 798; x_wconf 90' lang='lat' dir='ltr'><strong>Non</strong></span> <span class='ocrx_word' id='word_1_41' title='bbox 862 740 936 798; x_wconf 90' lang='lat' dir='ltr'><strong>enim</strong></span> <span class='ocrx_word' id='word_1_42' title='bbox 950 748 1016 798; x_wconf 88' lang='lat' dir='ltr'><strong>aute</strong></span> <span class='ocrx_word' id='word_1_43' title='bbox 1035 738 1162 798; x_wconf 90' lang='lat' dir='ltr'><strong>medium</strong></span> <span class='ocrx_word' id='word_1_44' title='bbox 1178 740 1264 801; x_wconf 78' lang='lat' dir='ltr'><strong>dieunt</strong></span> 
     </span>
     <span class='ocr_line' id='line_1_7' title="bbox 242 823 1245 904; baseline -0.002 -19"><span class='ocrx_word' id='word_1_45' title='bbox 242 828 381 888; x_wconf 90' lang='lat' dir='ltr'><strong>distentus</strong></span> <span class='ocrx_word' id='word_1_46' title='bbox 402 824 528 885; x_wconf 90' lang='lat' dir='ltr'><strong>solitaria</strong></span> <span class='ocrx_word' id='word_1_47' title='bbox 551 842 621 885; x_wconf 88' lang='lat' dir='ltr'><strong>cena</strong></span> <span class='ocrx_word' id='word_1_48' title='bbox 642 833 788 904; x_wconf 89' lang='lat' dir='ltr'><strong>spectator</strong></span> <span class='ocrx_word' id='word_1_49' title='bbox 810 823 1015 901; x_wconf 90' lang='lat' dir='ltr'><strong>adnotatorque</strong></span> <span class='ocrx_word' id='word_1_50' title='bbox 1034 825 1170 884; x_wconf 84' lang='lat' dir='ltr'><strong>convivis</strong></span> <span class='ocrx_word' id='word_1_51' title='bbox 1195 825 1245 883; x_wconf 88' lang='lat' dir='ltr'><strong>tuis</strong></span> 
     </span>
     <span class='ocr_line' id='line_1_8' title="bbox 241 904 1245 984; baseline -0.005 -15"><span class='ocrx_word' id='word_1_52' title='bbox 241 912 378 984; x_wconf 89' lang='lat' dir='ltr'><strong>inmines,</strong></span> <span class='ocrx_word' id='word_1_53' title='bbox 400 926 455 968; x_wconf 91' lang='lat' dir='ltr'><strong>nec</strong></span> <span class='ocrx_word' id='word_1_54' title='bbox 476 909 577 968; x_wconf 91' lang='lat' dir='ltr'><strong>ieiunis</strong></span> <span class='ocrx_word' id='word_1_55' title='bbox 594 917 623 968; x_wconf 91' lang='lat' dir='ltr'><strong>et</strong></span> <span class='ocrx_word' id='word_1_56' title='bbox 639 908 767 967; x_wconf 90' lang='lat' dir='ltr'><strong>inanibus</strong></span> <span class='ocrx_word' id='word_1_57' title='bbox 784 904 885 984; x_wconf 92' lang='lat' dir='ltr'><strong>plenus</strong></span> <span class='ocrx_word' id='word_1_58' title='bbox 901 907 965 984; x_wconf 88' lang='lat' dir='ltr'><strong>ipse</strong></span> <span class='ocrx_word' id='word_1_59' title='bbox 986 914 1017 965; x_wconf 90' lang='lat' dir='ltr'><strong>et</strong></span> <span class='ocrx_word' id='word_1_60' title='bbox 1033 915 1171 983; x_wconf 87' lang='lat' dir='ltr'><strong>ructans,</strong></span> <span class='ocrx_word' id='word_1_61' title='bbox 1193 924 1245 967; x_wconf 91' lang='lat' dir='ltr'><strong>non</strong></span> 
     </span>
     <span class='ocr_line' id='line_1_9' title="bbox 242 990 1244 1070; baseline -0.002 -19"><span class='ocrx_word' id='word_1_62' title='bbox 242 1002 297 1052; x_wconf 90' lang='lat' dir='ltr'><strong>tam</strong></span> <span class='ocrx_word' id='word_1_63' title='bbox 312 991 432 1068; x_wconf 90' lang='lat' dir='ltr'><strong>adponis</strong></span> <span class='ocrx_word' id='word_1_64' title='bbox 448 1008 531 1070; x_wconf 90' lang='lat' dir='ltr'><strong>quam</strong></span> <span class='ocrx_word' id='word_1_65' title='bbox 545 992 637 1050; x_wconf 92' lang='lat' dir='ltr'><strong>obicis</strong></span> <span class='ocrx_word' id='word_1_66' title='bbox 654 991 733 1051; x_wconf 87' lang='lat' dir='ltr'><strong>cibos</strong></span> <span class='ocrx_word' id='word_1_67' title='bbox 750 1008 822 1068; x_wconf 93' lang='lat' dir='ltr'><strong>qnos</strong></span> <span class='ocrx_word' id='word_1_68' title='bbox 840 990 1003 1067; x_wconf 88' lang='lat' dir='ltr'><strong>dedigneris</strong></span> <span class='ocrx_word' id='word_1_69' title='bbox 1020 991 1180 1068; x_wconf 86' lang='lat' dir='ltr'><strong>attingere,</strong></span> <span class='ocrx_word' id='word_1_70' title='bbox 1202 1008 1244 1050; x_wconf 88' lang='lat' dir='ltr'><strong>ae·</strong></span> 
     </span>
     <span class='ocr_line' id='line_1_10' title="bbox 242 1072 1244 1152; baseline 0 -20"><span class='ocrx_word' id='word_1_71' title='bbox 242 1093 352 1152; x_wconf 89' lang='lat' dir='ltr'><strong>greque</strong></span> <span class='ocrx_word' id='word_1_72' title='bbox 364 1092 522 1152; x_wconf 88' lang='lat' dir='ltr'><strong>perpessus</strong></span> <span class='ocrx_word' id='word_1_73' title='bbox 533 1075 687 1151; x_wconf 82' lang='lat' dir='ltr'><strong>superbam</strong></span> <span class='ocrx_word' id='word_1_74' title='bbox 698 1073 775 1133; x_wconf 88' lang='lat' dir='ltr'><strong>illam</strong></span> <span class='ocrx_word' id='word_1_75' title='bbox 789 1074 935 1133; x_wconf 86' lang='lat' dir='ltr'><strong>convictus</strong></span> <span class='ocrx_word' id='word_1_76' title='bbox 949 1072 1174 1151; x_wconf 76' lang='lat' dir='ltr'><strong>simulationem,</strong></span> <span class='ocrx_word' id='word_1_77' title='bbox 1189 1092 1244 1133; x_wconf 90' lang='lat' dir='ltr'><strong>rur·</strong></span> 
     </span>
     <span class='ocr_line' id='line_1_11' title="bbox 241 1156 1274 1236; baseline -0.004 -18"><span class='ocrx_word' id='word_1_78' title='bbox 241 1176 290 1218; x_wconf 91' lang='lat' dir='ltr'><strong>sus</strong></span> <span class='ocrx_word' id='word_1_79' title='bbox 302 1167 330 1217; x_wconf 90' lang='lat' dir='ltr'><strong>te</strong></span> <span class='ocrx_word' id='word_1_80' title='bbox 341 1156 376 1218; x_wconf 90' lang='lat' dir='ltr'><strong>ad</strong></span> <span class='ocrx_word' id='word_1_81' title='bbox 389 1157 589 1218; x_wconf 88' lang='lat' dir='ltr'><strong>clandestinam</strong></span> <span class='ocrx_word' id='word_1_82' title='bbox 599 1175 718 1235; x_wconf 63' lang='lat' dir='ltr'><strong>meam</strong></span> <span class='ocrx_word' id='word_1_83' title='bbox 730 1156 929 1236; x_wconf 83' lang='lat' dir='ltr'><strong>occultumque</strong></span> <span class='ocrx_word' id='word_1_84' title='bbox 940 1156 1037 1217; x_wconf 83' lang='lat' dir='ltr'><strong>luxum</strong></span> <span class='ocrx_word' id='word_1_85' title='bbox 1048 1157 1154 1218; x_wconf 91' lang='lat' dir='ltr'><strong>refers.</strong></span> <span class='ocrx_word' id='word_1_86' title='bbox 1170 1156 1243 1234; x_wconf 83' lang='lat' dir='ltr'><strong>llrgo</strong></span> <span class='ocrx_word' id='word_1_87' title='bbox 1251 1164 1274 1215; x_wconf 87' lang='lat' dir='ltr'><strong>ll</strong></span> 
     </span>
     <span class='ocr_line' id='line_1_12' title="bbox 242 1241 1244 1319; baseline 0.001 -19"><span class='ocrx_word' id='word_1_88' title='bbox 242 1259 298 1300; x_wconf 92' lang='lat' dir='ltr'><strong>non</strong></span> <span class='ocrx_word' id='word_1_89' title='bbox 317 1259 413 1302; x_wconf 91' lang='lat' dir='ltr'><strong>aurum</strong></span> <span class='ocrx_word' id='word_1_90' title='bbox 434 1260 489 1303; x_wconf 91' lang='lat' dir='ltr'><strong>uec</strong></span> <span class='ocrx_word' id='word_1_91' title='bbox 506 1249 653 1319; x_wconf 87' lang='lat' dir='ltr'><strong>argentum</strong></span> <span class='ocrx_word' id='word_1_92' title='bbox 674 1259 729 1300; x_wconf 89' lang='lat' dir='ltr'><strong>nec</strong></span> <span class='ocrx_word' id='word_1_93' title='bbox 750 1242 889 1318; x_wconf 86' lang='lat' dir='ltr'><strong>exquisita</strong></span> <span class='ocrx_word' id='word_1_94' title='bbox 910 1241 1023 1317; x_wconf 81' lang='lat' dir='ltr'><strong>ingenia</strong></span> <span class='ocrx_word' id='word_1_95' title='bbox 1041 1258 1178 1301; x_wconf 90' lang='lat' dir='ltr'><strong>cenarum</strong></span> <span class='ocrx_word' id='word_1_96' title='bbox 1197 1241 1244 1301; x_wconf 88' lang='lat' dir='ltr'><strong>sed</strong></span> 
     </span>
     <span class='ocr_line' id='line_1_13' title="bbox 242 1323 1243 1401; baseline -0.002 -15"><span class='ocrx_word' id='word_1_97' title='bbox 242 1327 409 1386; x_wconf 87' lang='lat' dir='ltr'><strong>suavitatem</strong></span> <span class='ocrx_word' id='word_1_98' title='bbox 422 1336 498 1386; x_wconf 88' lang='lat' dir='ltr'><strong>tuam</strong></span> <span class='ocrx_word' id='word_1_99' title='bbox 513 1325 770 1401; x_wconf 87' lang='lat' dir='ltr'><strong>iucunditatemque</strong></span> <span class='ocrx_word' id='word_1_100' title='bbox 781 1326 927 1400; x_wconf 89' lang='lat' dir='ltr'><strong>miramur,</strong></span> <span class='ocrx_word' id='word_1_101' title='bbox 951 1323 1054 1401; x_wconf 90' lang='lat' dir='ltr'><strong>quibus</strong></span> <span class='ocrx_word' id='word_1_102' title='bbox 1069 1324 1150 1384; x_wconf 88' lang='lat' dir='ltr'><strong>nulla</strong></span> <span class='ocrx_word' id='word_1_103' title='bbox 1164 1326 1243 1385; x_wconf 89' lang='lat' dir='ltr'><strong>satie·</strong></span> 
     </span>
     <span class='ocr_line' id='line_1_14' title="bbox 242 1409 1242 1487; baseline -0.002 -18"><span class='ocrx_word' id='word_1_104' title='bbox 242 1419 286 1469; x_wconf 92' lang='lat' dir='ltr'><strong>tas</strong></span> <span class='ocrx_word' id='word_1_105' title='bbox 306 1409 405 1486; x_wconf 90' lang='lat' dir='ltr'><strong>adest,</strong></span> <span class='ocrx_word' id='word_1_106' title='bbox 427 1410 540 1487; x_wconf 91' lang='lat' dir='ltr'><strong>quando</strong></span> <span class='ocrx_word' id='word_1_107' title='bbox 562 1411 673 1469; x_wconf 90' lang='lat' dir='ltr'><strong>sincera</strong></span> <span class='ocrx_word' id='word_1_108' title='bbox 694 1409 786 1467; x_wconf 89' lang='lat' dir='ltr'><strong>omnia</strong></span> <span class='ocrx_word' id='word_1_109' title='bbox 806 1417 835 1468; x_wconf 96' lang='lat' dir='ltr'><strong>et</strong></span> <span class='ocrx_word' id='word_1_110' title='bbox 849 1425 917 1467; x_wconf 91' lang='lat' dir='ltr'><strong>vera</strong></span> <span class='ocrx_word' id='word_1_111' title='bbox 937 1417 1082 1469; x_wconf 83' lang='lat' dir='ltr'><strong>stomata</strong></span> <span class='ocrx_word' id='word_1_112' title='bbox 1098 1412 1242 1486; x_wconf 82' lang='lat' dir='ltr'><strong>gravitate.</strong></span> 
     </span>
     <span class='ocr_line' id='line_1_15' title="bbox 241 1490 1241 1572; baseline -0.001 -21"><span class='ocrx_word' id='word_1_113' title='bbox 241 1490 344 1572; x_wconf 89' lang='lat' dir='ltr'><strong>Neque</strong></span> <span class='ocrx_word' id='word_1_114' title='bbox 365 1495 438 1552; x_wconf 90' lang='lat' dir='ltr'><strong>enim</strong></span> <span class='ocrx_word' id='word_1_115' title='bbox 460 1501 508 1552; x_wconf 89' lang='lat' dir='ltr'><strong>aut</strong></span> <span class='ocrx_word' id='word_1_116' title='bbox 528 1495 698 1571; x_wconf 80' lang='lat' dir='ltr'><strong>peregrinae</strong></span> <span class='ocrx_word' id='word_1_117' title='bbox 719 1492 930 1570; x_wconf 77' lang='lat' dir='ltr'><strong>superstitionis</strong></span> <span class='ocrx_word' id='word_1_118' title='bbox 951 1492 1107 1551; x_wconf 90' lang='lat' dir='ltr'><strong>ministeria</strong></span> <span class='ocrx_word' id='word_1_119' title='bbox 1130 1501 1178 1552; x_wconf 89' lang='lat' dir='ltr'><strong>aut</strong></span> <span class='ocrx_word' id='word_1_120' title='bbox 1197 1492 1241 1551; x_wconf 94' lang='lat' dir='ltr'><strong>ob·</strong></span> 
     </span>
     <span class='ocr_line' id='line_1_16' title="bbox 243 1574 1272 1655; baseline -0.007 -19"><span class='ocrx_word' id='word_1_121' title='bbox 243 1594 346 1637; x_wconf 88' lang='lat' dir='ltr'><strong>scaena</strong></span> <span class='ocrx_word' id='word_1_122' title='bbox 363 1574 515 1652; x_wconf 87' lang='lat' dir='ltr'><strong>petulantia</strong></span> <span class='ocrx_word' id='word_1_123' title='bbox 529 1578 636 1636; x_wconf 89' lang='lat' dir='ltr'><strong>mensis</strong></span> <span class='ocrx_word' id='word_1_124' title='bbox 651 1576 788 1655; x_wconf 90' lang='lat' dir='ltr'><strong>principis</strong></span> <span class='ocrx_word' id='word_1_125' title='bbox 805 1576 934 1651; x_wconf 89' lang='lat' dir='ltr'><strong>oberrat,</strong></span> <span class='ocrx_word' id='word_1_126' title='bbox 956 1574 1009 1636; x_wconf 89' lang='lat' dir='ltr'><strong>sed</strong></span> <span class='ocrx_word' id='word_1_127' title='bbox 1030 1576 1159 1653; x_wconf 88' lang='lat' dir='ltr'><strong>benigna</strong></span> <span class='ocrx_word' id='word_1_128' title='bbox 1177 1577 1272 1635; x_wconf 79' lang='lat' dir='ltr'><strong>invi-lt</strong></span> 
     </span>
     <span class='ocr_line' id='line_1_17' title="bbox 242 1656 1241 1737; baseline 0 -19"><span class='ocrx_word' id='word_1_129' title='bbox 242 1661 311 1719; x_wconf 90' lang='lat' dir='ltr'><strong>tatio</strong></span> <span class='ocrx_word' id='word_1_130' title='bbox 328 1669 357 1719; x_wconf 93' lang='lat' dir='ltr'><strong>et</strong></span> <span class='ocrx_word' id='word_1_131' title='bbox 372 1657 506 1719; x_wconf 89' lang='lat' dir='ltr'><strong>liberales</strong></span> <span class='ocrx_word' id='word_1_132' title='bbox 523 1661 580 1718; x_wconf 87' lang='lat' dir='ltr'><strong>ioci</strong></span> <span class='ocrx_word' id='word_1_133' title='bbox 596 1669 625 1719; x_wconf 91' lang='lat' dir='ltr'><strong>et</strong></span> <span class='ocrx_word' id='word_1_134' title='bbox 641 1660 796 1720; x_wconf 91' lang='lat' dir='ltr'><strong>studiorum</strong></span> <span class='ocrx_word' id='word_1_135' title='bbox 811 1658 909 1719; x_wconf 89' lang='lat' dir='ltr'><strong>honor.</strong></span> <span class='ocrx_word' id='word_1_136' title='bbox 945 1656 1015 1719; x_wconf 92' lang='lat' dir='ltr'><strong>lnde</strong></span> <span class='ocrx_word' id='word_1_137' title='bbox 1030 1658 1082 1718; x_wconf 90' lang='lat' dir='ltr'><strong>tibi</strong></span> <span class='ocrx_word' id='word_1_138' title='bbox 1097 1677 1201 1737; x_wconf 89' lang='lat' dir='ltr'><strong>parcus</strong></span> <span class='ocrx_word' id='word_1_139' title='bbox 1216 1669 1241 1719; x_wconf 90' lang='lat' dir='ltr'><strong>et</strong></span> 
     </span>
     <span class='ocr_line' id='line_1_18' title="bbox 243 1742 1241 1822; baseline 0.002 -22"><span class='ocrx_word' id='word_1_140' title='bbox 243 1743 340 1802; x_wconf 90' lang='lat' dir='ltr'><strong>brevis</strong></span> <span class='ocrx_word' id='word_1_141' title='bbox 356 1758 471 1801; x_wconf 88' lang='lat' dir='ltr'><strong>somnus</strong></span> <span class='ocrx_word' id='word_1_142' title='bbox 484 1742 649 1821; x_wconf 92' lang='lat' dir='ltr'><strong>nullumque</strong></span> <span class='ocrx_word' id='word_1_143' title='bbox 664 1760 760 1803; x_wconf 89' lang='lat' dir='ltr'><strong>amore</strong></span> <span class='ocrx_word' id='word_1_144' title='bbox 774 1744 864 1802; x_wconf 84' lang='lat' dir='ltr'><strong>nostri</strong></span> <span class='ocrx_word' id='word_1_145' title='bbox 875 1752 989 1820; x_wconf 91' lang='lat' dir='ltr'><strong>tempus</strong></span> <span class='ocrx_word' id='word_1_146' title='bbox 1000 1744 1152 1820; x_wconf 83' lang='lat' dir='ltr'><strong>angustius</strong></span> <span class='ocrx_word' id='word_1_147' title='bbox 1166 1761 1241 1822; x_wconf 92' lang='lat' dir='ltr'><strong>quam</strong></span> 
     </span>
     <span class='ocr_line' id='line_1_19' title="bbox 243 1824 577 1902; baseline 0.009 -21"><span class='ocrx_word' id='word_1_148' title='bbox 243 1824 320 1901; x_wconf 90' lang='lat' dir='ltr'><strong>quod</strong></span> <span class='ocrx_word' id='word_1_149' title='bbox 334 1825 395 1883; x_wconf 88' lang='lat' dir='ltr'><strong>sine</strong></span> <span class='ocrx_word' id='word_1_150' title='bbox 410 1825 492 1885; x_wconf 92' lang='lat' dir='ltr'><strong>nobis</strong></span> <span class='ocrx_word' id='word_1_151' title='bbox 507 1828 577 1902; x_wconf 85' lang='lat' dir='ltr'><strong>agis.</strong></span> 
     </span>
    </p>

    <p class='ocr_par' dir='ltr' id='par_1_4' title="bbox 190 1905 1287 3574">
     <span class='ocr_line' id='line_1_20' title="bbox 190 1905 1240 1988; baseline 0.004 -21"><span class='ocrx_word' id='word_1_152' title='bbox 190 1905 232 1968; x_wconf 88' lang='lat'><strong>50</strong></span> <span class='ocrx_word' id='word_1_153' title='bbox 307 1906 366 1967; x_wconf 87' lang='lat' dir='ltr'><strong>Sed</strong></span> <span class='ocrx_word' id='word_1_154' title='bbox 383 1925 446 1967; x_wconf 89' lang='lat' dir='ltr'><strong>cum</strong></span> <span class='ocrx_word' id='word_1_155' title='bbox 460 1910 546 1970; x_wconf 88' lang='lat' dir='ltr'><strong>rebus</strong></span> <span class='ocrx_word' id='word_1_156' title='bbox 561 1910 616 1969; x_wconf 90' lang='lat' dir='ltr'><strong>tuis</strong></span> <span class='ocrx_word' id='word_1_157' title='bbox 632 1918 662 1968; x_wconf 92' lang='lat' dir='ltr'><strong>ut</strong></span> <span class='ocrx_word' id='word_1_158' title='bbox 677 1910 830 1988; x_wconf 79' lang='lat' dir='ltr'><strong>participes</strong></span> <span class='ocrx_word' id='word_1_159' title='bbox 847 1908 1041 1987; x_wconf 90' lang='lat' dir='ltr'><strong>perfruamur,</strong></span> <span class='ocrx_word' id='word_1_160' title='bbox 1063 1927 1134 1988; x_wconf 93' lang='lat' dir='ltr'><strong>quae</strong></span> <span class='ocrx_word' id='word_1_161' title='bbox 1155 1910 1240 1971; x_wconf 90' lang='lat' dir='ltr'><strong>babe-</strong></span> 
     </span>
     <span class='ocr_line' id='line_1_21' title="bbox 241 1990 1272 2073; baseline 0.003 -25"><span class='ocrx_word' id='word_1_162' title='bbox 241 2007 303 2052; x_wconf 92' lang='lat' dir='ltr'><strong>mus</strong></span> <span class='ocrx_word' id='word_1_163' title='bbox 318 1993 373 2069; x_wconf 90' lang='lat' dir='ltr'><strong>ipsi</strong></span> <span class='ocrx_word' id='word_1_164' title='bbox 390 2010 472 2069; x_wconf 91' lang='lat' dir='ltr'><strong>quam</strong></span> <span class='ocrx_word' id='word_1_165' title='bbox 488 1996 620 2073; x_wconf 89' lang='lat' dir='ltr'><strong>propria,</strong></span> <span class='ocrx_word' id='word_1_166' title='bbox 637 2011 719 2072; x_wconf 89' lang='lat' dir='ltr'><strong>quam</strong></span> <span class='ocrx_word' id='word_1_167' title='bbox 732 2002 828 2053; x_wconf 91' lang='lat' dir='ltr'><strong>nostra</strong></span> <span class='ocrx_word' id='word_1_168' title='bbox 844 1992 923 2053; x_wconf 83' lang='lat' dir='ltr'><strong>sunt!</strong></span> <span class='ocrx_word' id='word_1_169' title='bbox 943 1990 1009 2052; x_wconf 92' lang='lat' dir='ltr'><strong>Non</strong></span> <span class='ocrx_word' id='word_1_170' title='bbox 1027 1994 1103 2053; x_wconf 91' lang='lat' dir='ltr'><strong>enim</strong></span> <span class='ocrx_word' id='word_1_171' title='bbox 1114 1995 1272 2054; x_wconf 80' lang='lat' dir='ltr'><strong>exturba-lt</strong></span> 
     </span>
     <span class='ocr_line' id='line_1_22' title="bbox 241 2075 1239 2155; baseline 0.001 -20"><span class='ocrx_word' id='word_1_172' title='bbox 241 2077 276 2136; x_wconf 92' lang='lat' dir='ltr'><strong>tis</strong></span> <span class='ocrx_word' id='word_1_173' title='bbox 292 2077 433 2155; x_wconf 90' lang='lat' dir='ltr'><strong>prioribus</strong></span> <span class='ocrx_word' id='word_1_174' title='bbox 449 2076 568 2139; x_wconf 93' lang='lat' dir='ltr'><strong>dominis</strong></span> <span class='ocrx_word' id='word_1_175' title='bbox 590 2095 673 2136; x_wconf 89' lang='lat' dir='ltr'><strong>omne</strong></span> <span class='ocrx_word' id='word_1_176' title='bbox 695 2085 839 2154; x_wconf 81' lang='lat' dir='ltr'><strong>stagnum,</strong></span> <span class='ocrx_word' id='word_1_177' title='bbox 867 2093 978 2136; x_wconf 89' lang='lat' dir='ltr'><strong>omnem</strong></span> <span class='ocrx_word' id='word_1_178' title='bbox 998 2075 1109 2155; x_wconf 89' lang='lat' dir='ltr'><strong>lacum,</strong></span> <span class='ocrx_word' id='word_1_179' title='bbox 1135 2096 1239 2138; x_wconf 90' lang='lat' dir='ltr'><strong>omnem</strong></span> 
     </span>
     <span class='ocr_line' id='line_1_23' title="bbox 241 2160 1240 2240; baseline 0.002 -22"><span class='ocrx_word' id='word_1_180' title='bbox 241 2161 324 2219; x_wconf 90' lang='lat' dir='ltr'><strong>etiam</strong></span> <span class='ocrx_word' id='word_1_181' title='bbox 336 2160 437 2221; x_wconf 87' lang='lat' dir='ltr'><strong>saltum</strong></span> <span class='ocrx_word' id='word_1_182' title='bbox 452 2163 576 2222; x_wconf 90' lang='lat' dir='ltr'><strong>inmensa</strong></span> <span class='ocrx_word' id='word_1_183' title='bbox 591 2162 779 2240; x_wconf 88' lang='lat' dir='ltr'><strong>possessione</strong></span> <span class='ocrx_word' id='word_1_184' title='bbox 792 2161 998 2236; x_wconf 75' lang='lat' dir='ltr'><strong>circumvenis,</strong></span> <span class='ocrx_word' id='word_1_185' title='bbox 1014 2178 1071 2220; x_wconf 88' lang='lat' dir='ltr'><strong>nec</strong></span> <span class='ocrx_word' id='word_1_186' title='bbox 1082 2163 1167 2224; x_wconf 89' lang='lat' dir='ltr'><strong>unius</strong></span> <span class='ocrx_word' id='word_1_187' title='bbox 1178 2179 1240 2222; x_wconf 93' lang='lat' dir='ltr'><strong>ocu·</strong></span> 
     </span>
     <span class='ocr_line' id='line_1_24' title="bbox 240 2241 1242 2323; baseline 0.004 -23"><span class='ocrx_word' id='word_1_188' title='bbox 240 2241 274 2303; x_wconf 91' lang='lat' dir='ltr'><strong>lis</strong></span> <span class='ocrx_word' id='word_1_189' title='bbox 290 2244 401 2304; x_wconf 87' lang='lat' dir='ltr'><strong>flumina</strong></span> <span class='ocrx_word' id='word_1_190' title='bbox 415 2244 509 2307; x_wconf 90' lang='lat' dir='ltr'><strong>fontes</strong></span> <span class='ocrx_word' id='word_1_191' title='bbox 523 2247 609 2306; x_wconf 86' lang='lat' dir='ltr'><strong>maria</strong></span> <span class='ocrx_word' id='word_1_192' title='bbox 626 2244 798 2304; x_wconf 89' lang='lat' dir='ltr'><strong>deserviunt.</strong></span> <span class='ocrx_word' id='word_1_193' title='bbox 821 2242 874 2304; x_wconf 82' lang='lat' dir='ltr'><strong>Est</strong></span> <span class='ocrx_word' id='word_1_194' title='bbox 889 2244 965 2323; x_wconf 94' lang='lat' dir='ltr'><strong>quod</strong></span> <span class='ocrx_word' id='word_1_195' title='bbox 977 2241 1085 2304; x_wconf 80' lang='lat' dir='ltr'><strong>Caesar</strong></span> <span class='ocrx_word' id='word_1_196' title='bbox 1096 2263 1154 2306; x_wconf 92' lang='lat' dir='ltr'><strong>non</strong></span> <span class='ocrx_word' id='word_1_197' title='bbox 1166 2262 1242 2307; x_wconf 92' lang='lat' dir='ltr'><strong>suum</strong></span> 
     </span>
     <span class='ocr_line' id='line_1_25' title="bbox 240 2327 1242 2408; baseline 0.003 -22"><span class='ocrx_word' id='word_1_198' title='bbox 240 2327 351 2406; x_wconf 89' lang='lat' dir='ltr'><strong>videat,</strong></span> <span class='ocrx_word' id='word_1_199' title='bbox 379 2328 547 2408; x_wconf 86' lang='lat' dir='ltr'><strong>tandemque</strong></span> <span class='ocrx_word' id='word_1_200' title='bbox 567 2330 714 2407; x_wconf 89' lang='lat' dir='ltr'><strong>imperium</strong></span> <span class='ocrx_word' id='word_1_201' title='bbox 728 2329 864 2407; x_wconf 91' lang='lat' dir='ltr'><strong>principis</strong></span> <span class='ocrx_word' id='word_1_202' title='bbox 879 2345 961 2406; x_wconf 88' lang='lat' dir='ltr'><strong>quam</strong></span> <span class='ocrx_word' id='word_1_203' title='bbox 976 2328 1176 2406; x_wconf 87' lang='lat' dir='ltr'><strong>patrimonium</strong></span> <span class='ocrx_word' id='word_1_204' title='bbox 1188 2347 1242 2388; x_wconf 90' lang='lat' dir='ltr'><strong>ma·</strong></span> 
     </span>
     <span class='ocr_line' id='line_1_26' title="bbox 240 2410 1287 2490; baseline 0.002 -20"><span class='ocrx_word' id='word_1_205' title='bbox 240 2412 284 2472; x_wconf 88' lang='lat' dir='ltr'><strong>ius</strong></span> <span class='ocrx_word' id='word_1_206' title='bbox 302 2421 356 2472; x_wconf 88' lang='lat' dir='ltr'><strong>est.</strong></span> <span class='ocrx_word' id='word_1_207' title='bbox 391 2411 479 2472; x_wconf 86' lang='lat' dir='ltr'><strong>Multa</strong></span> <span class='ocrx_word' id='word_1_208' title='bbox 499 2415 573 2473; x_wconf 91' lang='lat' dir='ltr'><strong>enim</strong></span> <span class='ocrx_word' id='word_1_209' title='bbox 590 2431 627 2472; x_wconf 83' lang='lat' dir='ltr'><strong>ex</strong></span> <span class='ocrx_word' id='word_1_210' title='bbox 642 2413 808 2488; x_wconf 90' lang='lat' dir='ltr'><strong>patrimonio</strong></span> <span class='ocrx_word' id='word_1_211' title='bbox 826 2410 916 2472; x_wconf 83' lang='lat' dir='ltr'><strong>refert</strong></span> <span class='ocrx_word' id='word_1_212' title='bbox 932 2412 960 2469; x_wconf 91' lang='lat' dir='ltr'><strong>in</strong></span> <span class='ocrx_word' id='word_1_213' title='bbox 974 2413 1138 2490; x_wconf 89' lang='lat' dir='ltr'><strong>imperium,</strong></span> <span class='ocrx_word' id='word_1_214' title='bbox 1168 2426 1287 2490; x_wconf 73' lang='lat' dir='ltr'><strong>quaeat-</strong></span> 
     </span>
     <span class='ocr_line' id='line_1_27' title="bbox 240 2494 1244 2573; baseline 0.006 -21"><span class='ocrx_word' id='word_1_215' title='bbox 240 2497 352 2572; x_wconf 89' lang='lat' dir='ltr'><strong>priores</strong></span> <span class='ocrx_word' id='word_1_216' title='bbox 368 2496 512 2573; x_wconf 90' lang='lat' dir='ltr'><strong>principes</strong></span> <span class='ocrx_word' id='word_1_217' title='bbox 528 2495 722 2572; x_wconf 91' lang='lat' dir='ltr'><strong>occupabant,</strong></span> <span class='ocrx_word' id='word_1_218' title='bbox 749 2512 804 2553; x_wconf 91' lang='lat' dir='ltr'><strong>nou</strong></span> <span class='ocrx_word' id='word_1_219' title='bbox 820 2504 850 2555; x_wconf 93' lang='lat' dir='ltr'><strong>ut</strong></span> <span class='ocrx_word' id='word_1_220' title='bbox 864 2497 919 2573; x_wconf 91' lang='lat' dir='ltr'><strong>ipsi</strong></span> <span class='ocrx_word' id='word_1_221' title='bbox 933 2494 1108 2570; x_wconf 88' lang='lat' dir='ltr'><strong>fruerentur,</strong></span> <span class='ocrx_word' id='word_1_222' title='bbox 1135 2496 1193 2555; x_wconf 88' lang='lat' dir='ltr'><strong>sed</strong></span> <span class='ocrx_word' id='word_1_223' title='bbox 1208 2517 1244 2559; x_wconf 93' lang='lat' dir='ltr'><strong>ne</strong></span> 
     </span>
     <span class='ocr_line' id='line_1_28' title="bbox 240 2576 1243 2659; baseline 0.008 -25"><span class='ocrx_word' id='word_1_224' title='bbox 240 2578 303 2653; x_wconf 92' lang='lat' dir='ltr'><strong>quis</strong></span> <span class='ocrx_word' id='word_1_225' title='bbox 317 2576 398 2635; x_wconf 91' lang='lat' dir='ltr'><strong>alius.</strong></span> <span class='ocrx_word' id='word_1_226' title='bbox 421 2576 500 2652; x_wconf 84' lang='lat' dir='ltr'><strong>Ergo</strong></span> <span class='ocrx_word' id='word_1_227' title='bbox 514 2581 542 2637; x_wconf 92' lang='lat' dir='ltr'><strong>iu</strong></span> <span class='ocrx_word' id='word_1_228' title='bbox 553 2579 676 2652; x_wconf 87' lang='lat' dir='ltr'><strong>vestigia</strong></span> <span class='ocrx_word' id='word_1_229' title='bbox 690 2577 832 2654; x_wconf 91' lang='lat' dir='ltr'><strong>sedesque</strong></span> <span class='ocrx_word' id='word_1_230' title='bbox 844 2576 980 2639; x_wconf 88' lang='lat' dir='ltr'><strong>nobilium</strong></span> <span class='ocrx_word' id='word_1_231' title='bbox 994 2579 1144 2656; x_wconf 78' lang='lat' dir='ltr'><strong>immigrant</strong></span> <span class='ocrx_word' id='word_1_232' title='bbox 1159 2597 1243 2659; x_wconf 87' lang='lat' dir='ltr'><strong>pares</strong></span> 
     </span>
     <span class='ocr_line' id='line_1_29' title="bbox 240 2658 1244 2739; baseline 0.006 -22"><span class='ocrx_word' id='word_1_233' title='bbox 240 2658 360 2735; x_wconf 92' lang='lat' dir='ltr'><strong>domini,</strong></span> <span class='ocrx_word' id='word_1_234' title='bbox 381 2676 436 2717; x_wconf 89' lang='lat' dir='ltr'><strong>neo</strong></span> <span class='ocrx_word' id='word_1_235' title='bbox 449 2661 503 2718; x_wconf 87' lang='lat' dir='ltr'><strong>iam</strong></span> <span class='ocrx_word' id='word_1_236' title='bbox 519 2659 736 2725; x_wconf 82' lang='lat' dir='ltr'><strong>clarissimorum</strong></span> <span class='ocrx_word' id='word_1_237' title='bbox 750 2663 874 2720; x_wconf 89' lang='lat' dir='ltr'><strong>virorum</strong></span> <span class='ocrx_word' id='word_1_238' title='bbox 888 2661 1071 2739; x_wconf 89' lang='lat' dir='ltr'><strong>receptacula</strong></span> <span class='ocrx_word' id='word_1_239' title='bbox 1084 2662 1244 2724; x_wconf 89' lang='lat' dir='ltr'><strong>habitatore</strong></span> 
     </span>
     <span class='ocr_line' id='line_1_30' title="bbox 240 2742 1243 2822; baseline 0.005 -21"><span class='ocrx_word' id='word_1_240' title='bbox 240 2758 325 2801; x_wconf 86' lang='lat' dir='ltr'><strong>servo</strong></span> <span class='ocrx_word' id='word_1_241' title='bbox 346 2750 473 2801; x_wconf 91' lang='lat' dir='ltr'><strong>teruntur</strong></span> <span class='ocrx_word' id='word_1_242' title='bbox 492 2751 539 2802; x_wconf 91' lang='lat' dir='ltr'><strong>aut</strong></span> <span class='ocrx_word' id='word_1_243' title='bbox 559 2742 644 2802; x_wconf 88' lang='lat' dir='ltr'><strong>foeda</strong></span> <span class='ocrx_word' id='word_1_244' title='bbox 658 2746 790 2805; x_wconf 86' lang='lat' dir='ltr'><strong>vastitate</strong></span> <span class='ocrx_word' id='word_1_245' title='bbox 804 2745 999 2822; x_wconf 89' lang='lat' dir='ltr'><strong>procumbunt.</strong></span> <span class='ocrx_word' id='word_1_246' title='bbox 1035 2744 1126 2805; x_wconf 87' lang='lat' dir='ltr'><strong>Datur</strong></span> <span class='ocrx_word' id='word_1_247' title='bbox 1141 2748 1243 2808; x_wconf 91' lang='lat' dir='ltr'><strong>intueri</strong></span> 
     </span>
     <span class='ocr_line' id='line_1_31' title="bbox 239 2823 1273 2908; baseline 0.011 -26"><span class='ocrx_word' id='word_1_248' title='bbox 239 2823 442 2901; x_wconf 89' lang='lat' dir='ltr'><strong>pulcherrimas</strong></span> <span class='ocrx_word' id='word_1_249' title='bbox 464 2824 551 2886; x_wconf 91' lang='lat' dir='ltr'><strong>aedes</strong></span> <span class='ocrx_word' id='word_1_250' title='bbox 573 2826 689 2887; x_wconf 87' lang='lat' dir='ltr'><strong>deterso</strong></span> <span class='ocrx_word' id='word_1_251' title='bbox 705 2831 760 2888; x_wconf 89' lang='lat' dir='ltr'><strong>situ</strong></span> <span class='ocrx_word' id='word_1_252' title='bbox 776 2837 873 2889; x_wconf 86' lang='lat' dir='ltr'><strong>auctas</strong></span> <span class='ocrx_word' id='word_1_253' title='bbox 887 2847 921 2888; x_wconf 89' lang='lat' dir='ltr'><strong>ac</strong></span> <span class='ocrx_word' id='word_1_254' title='bbox 936 2831 1077 2905; x_wconf 84' lang='lat' dir='ltr'><strong>vigentes.</strong></span> <span class='ocrx_word' id='word_1_255' title='bbox 1110 2828 1273 2908; x_wconf 81' lang='lat' dir='ltr'><strong>Magnumtt</strong></span> 
     </span>
     <span class='ocr_line' id='line_1_32' title="bbox 239 2908 1243 2990; baseline 0.008 -23"><span class='ocrx_word' id='word_1_256' title='bbox 239 2908 295 2967; x_wconf 88' lang='lat' dir='ltr'><strong>hoo</strong></span> <span class='ocrx_word' id='word_1_257' title='bbox 310 2916 387 2966; x_wconf 88' lang='lat' dir='ltr'><strong>tuum</strong></span> <span class='ocrx_word' id='word_1_258' title='bbox 403 2924 459 2967; x_wconf 91' lang='lat' dir='ltr'><strong>non</strong></span> <span class='ocrx_word' id='word_1_259' title='bbox 474 2928 542 2988; x_wconf 81' lang='lat' dir='ltr'><strong>erga</strong></span> <span class='ocrx_word' id='word_1_260' title='bbox 553 2909 681 2972; x_wconf 88' lang='lat' dir='ltr'><strong>homiues</strong></span> <span class='ocrx_word' id='word_1_261' title='bbox 695 2912 779 2972; x_wconf 89' lang='lat' dir='ltr'><strong>modo</strong></span> <span class='ocrx_word' id='word_1_262' title='bbox 792 2912 845 2973; x_wconf 89' lang='lat' dir='ltr'><strong>sed</strong></span> <span class='ocrx_word' id='word_1_263' title='bbox 856 2930 924 2990; x_wconf 86' lang='lat' dir='ltr'><strong>erga</strong></span> <span class='ocrx_word' id='word_1_264' title='bbox 935 2921 1011 2972; x_wconf 88' lang='lat' dir='ltr'><strong>tecta</strong></span> <span class='ocrx_word' id='word_1_265' title='bbox 1024 2914 1089 2990; x_wconf 89' lang='lat' dir='ltr'><strong>ipsa</strong></span> <span class='ocrx_word' id='word_1_266' title='bbox 1100 2916 1243 2990; x_wconf 89' lang='lat' dir='ltr'><strong>meritum,</strong></span> 
     </span>
     <span class='ocr_line' id='line_1_33' title="bbox 240 2993 1244 3077; baseline 0.006 -26"><span class='ocrx_word' id='word_1_267' title='bbox 240 2993 343 3052; x_wconf 89' lang='lat' dir='ltr'><strong>sistere</strong></span> <span class='ocrx_word' id='word_1_268' title='bbox 357 2993 467 3068; x_wconf 86' lang='lat' dir='ltr'><strong>ruinas,</strong></span> <span class='ocrx_word' id='word_1_269' title='bbox 485 2995 664 3055; x_wconf 88' lang='lat' dir='ltr'><strong>solitudinem</strong></span> <span class='ocrx_word' id='word_1_270' title='bbox 680 2995 807 3073; x_wconf 90' lang='lat' dir='ltr'><strong>pellere,</strong></span> <span class='ocrx_word' id='word_1_271' title='bbox 823 2997 947 3072; x_wconf 87' lang='lat' dir='ltr'><strong>ingentia</strong></span> <span class='ocrx_word' id='word_1_272' title='bbox 963 3012 1051 3074; x_wconf 91' lang='lat' dir='ltr'><strong>opera</strong></span> <span class='ocrx_word' id='word_1_273' title='bbox 1064 2996 1174 3057; x_wconf 90' lang='lat' dir='ltr'><strong>eodem</strong></span> <span class='ocrx_word' id='word_1_274' title='bbox 1191 3015 1244 3077; x_wconf 93' lang='lat' dir='ltr'><strong>quo</strong></span> 
     </span>
     <span class='ocr_line' id='line_1_34' title="bbox 240 3077 1246 3157; baseline 0.004 -22"><span class='ocrx_word' id='word_1_275' title='bbox 240 3086 368 3137; x_wconf 86' lang='lat' dir='ltr'><strong>extructa</strong></span> <span class='ocrx_word' id='word_1_276' title='bbox 384 3086 449 3138; x_wconf 91' lang='lat' dir='ltr'><strong>suut</strong></span> <span class='ocrx_word' id='word_1_277' title='bbox 462 3080 553 3138; x_wconf 76' lang='lat' dir='ltr'><strong>annno</strong></span> <span class='ocrx_word' id='word_1_278' title='bbox 566 3080 600 3139; x_wconf 88' lang='lat' dir='ltr'><strong>ab</strong></span> <span class='ocrx_word' id='word_1_279' title='bbox 617 3080 731 3139; x_wconf 91' lang='lat' dir='ltr'><strong>interitu</strong></span> <span class='ocrx_word' id='word_1_280' title='bbox 745 3080 898 3139; x_wconf 88' lang='lat' dir='ltr'><strong>vindicare.</strong></span> <span class='ocrx_word' id='word_1_281' title='bbox 929 3077 1006 3140; x_wconf 84' lang='lat' dir='ltr'><strong>liuta</strong></span> <span class='ocrx_word' id='word_1_282' title='bbox 1023 3079 1140 3157; x_wconf 92' lang='lat' dir='ltr'><strong>quidem</strong></span> <span class='ocrx_word' id='word_1_283' title='bbox 1153 3081 1205 3142; x_wconf 88' lang='lat' dir='ltr'><strong>illa</strong></span> <span class='ocrx_word' id='word_1_284' title='bbox 1219 3089 1246 3140; x_wconf 90' lang='lat' dir='ltr'><strong>et</strong></span> 
     </span>
     <span class='ocr_line' id='line_1_35' title="bbox 238 3161 1244 3241; baseline 0.003 -21"><span class='ocrx_word' id='word_1_285' title='bbox 238 3161 327 3220; x_wconf 90' lang='lat' dir='ltr'><strong>anima</strong></span> <span class='ocrx_word' id='word_1_286' title='bbox 341 3163 481 3237; x_wconf 87' lang='lat' dir='ltr'><strong>carentia,</strong></span> <span class='ocrx_word' id='word_1_287' title='bbox 504 3165 609 3223; x_wconf 89' lang='lat' dir='ltr'><strong>sentire</strong></span> <span class='ocrx_word' id='word_1_288' title='bbox 626 3170 717 3221; x_wconf 88' lang='lat' dir='ltr'><strong>tamen</strong></span> <span class='ocrx_word' id='word_1_289' title='bbox 732 3172 761 3222; x_wconf 90' lang='lat' dir='ltr'><strong>et</strong></span> <span class='ocrx_word' id='word_1_290' title='bbox 775 3162 873 3224; x_wconf 87' lang='lat' dir='ltr'><strong>laetari</strong></span> <span class='ocrx_word' id='word_1_291' title='bbox 887 3163 1018 3222; x_wconf 89' lang='lat' dir='ltr'><strong>videntur</strong></span> <span class='ocrx_word' id='word_1_292' title='bbox 1032 3163 1111 3241; x_wconf 93' lang='lat' dir='ltr'><strong>quod</strong></span> <span class='ocrx_word' id='word_1_293' title='bbox 1125 3167 1244 3240; x_wconf 90' lang='lat' dir='ltr'><strong>niteant,</strong></span> 
     </span>
     <span class='ocr_line' id='line_1_36' title="bbox 239 3244 1276 3325; baseline 0.005 -22"><span class='ocrx_word' id='word_1_294' title='bbox 239 3244 315 3322; x_wconf 92' lang='lat' dir='ltr'><strong>quod</strong></span> <span class='ocrx_word' id='word_1_295' title='bbox 331 3244 556 3324; x_wconf 87' lang='lat' dir='ltr'><strong>frequententur,</strong></span> <span class='ocrx_word' id='word_1_296' title='bbox 573 3245 649 3325; x_wconf 91' lang='lat' dir='ltr'><strong>quod</strong></span> <span class='ocrx_word' id='word_1_297' title='bbox 661 3245 809 3323; x_wconf 88' lang='lat' dir='ltr'><strong>aliquando</strong></span> <span class='ocrx_word' id='word_1_298' title='bbox 826 3248 975 3324; x_wconf 89' lang='lat' dir='ltr'><strong>coeperint</strong></span> <span class='ocrx_word' id='word_1_299' title='bbox 989 3264 1056 3306; x_wconf 90' lang='lat' dir='ltr'><strong>esse</strong></span> <span class='ocrx_word' id='word_1_300' title='bbox 1068 3245 1177 3307; x_wconf 90' lang='lat' dir='ltr'><strong>domini</strong></span> <span class='ocrx_word' id='word_1_301' title='bbox 1193 3250 1276 3308; x_wconf 79' lang='lat' dir='ltr'><strong>sci-ti</strong></span> 
     </span>
     <span class='ocr_line' id='line_1_37' title="bbox 238 3326 1246 3406; baseline 0.005 -22"><span class='ocrx_word' id='word_1_302' title='bbox 238 3330 321 3387; x_wconf 92' lang='lat' dir='ltr'><strong>entis.</strong></span> <span class='ocrx_word' id='word_1_303' title='bbox 356 3326 560 3388; x_wconf 75' lang='lat' dir='ltr'><strong>circumfertur</strong></span> <span class='ocrx_word' id='word_1_304' title='bbox 576 3331 630 3389; x_wconf 91' lang='lat' dir='ltr'><strong>sub</strong></span> <span class='ocrx_word' id='word_1_305' title='bbox 645 3331 757 3388; x_wconf 90' lang='lat' dir='ltr'><strong>nomine</strong></span> <span class='ocrx_word' id='word_1_306' title='bbox 773 3327 904 3389; x_wconf 83' lang='lat' dir='ltr'><strong>Caesaris</strong></span> <span class='ocrx_word' id='word_1_307' title='bbox 921 3328 1013 3388; x_wconf 88' lang='lat' dir='ltr'><strong>tabula</strong></span> <span class='ocrx_word' id='word_1_308' title='bbox 1030 3331 1135 3406; x_wconf 80' lang='lat' dir='ltr'><strong>ingens</strong></span> <span class='ocrx_word' id='word_1_309' title='bbox 1150 3349 1246 3392; x_wconf 88' lang='lat' dir='ltr'><strong>rerum</strong></span> 
     </span>
     <span class='ocr_line' id='line_1_38' title="bbox 237 3407 1246 3491; baseline 0.01 -26"><span class='ocrx_word' id='word_1_310' title='bbox 237 3407 392 3479; x_wconf 89' lang='lat' dir='ltr'><strong>venalium;</strong></span> <span class='ocrx_word' id='word_1_311' title='bbox 416 3428 472 3489; x_wconf 95' lang='lat' dir='ltr'><strong>quo</strong></span> <span class='ocrx_word' id='word_1_312' title='bbox 487 3412 518 3471; x_wconf 88' lang='lat' dir='ltr'><strong>lit</strong></span> <span class='ocrx_word' id='word_1_313' title='bbox 538 3411 702 3472; x_wconf 90' lang='lat' dir='ltr'><strong>detestanda</strong></span> <span class='ocrx_word' id='word_1_314' title='bbox 718 3414 831 3472; x_wconf 89' lang='lat' dir='ltr'><strong>avaritia</strong></span> <span class='ocrx_word' id='word_1_315' title='bbox 847 3412 923 3472; x_wconf 88' lang='lat' dir='ltr'><strong>illius</strong></span> <span class='ocrx_word' id='word_1_316' title='bbox 939 3415 987 3491; x_wconf 92' lang='lat' dir='ltr'><strong>qui</strong></span> <span class='ocrx_word' id='word_1_317' title='bbox 1002 3421 1058 3472; x_wconf 88' lang='lat' dir='ltr'><strong>tarn</strong></span> <span class='ocrx_word' id='word_1_318' title='bbox 1071 3413 1162 3474; x_wconf 89' lang='lat' dir='ltr'><strong>multa</strong></span> <span class='ocrx_word' id='word_1_319' title='bbox 1178 3434 1246 3475; x_wconf 92' lang='lat' dir='ltr'><strong>con·</strong></span> 
     </span>
     <span class='ocr_line' id='line_1_39' title="bbox 239 3493 1246 3574; baseline 0.012 -27"><span class='ocrx_word' id='word_1_320' title='bbox 239 3493 424 3568; x_wconf 90' lang='lat' dir='ltr'><strong>cupiscebat,</strong></span> <span class='ocrx_word' id='word_1_321' title='bbox 442 3512 505 3552; x_wconf 92' lang='lat' dir='ltr'><strong>cum</strong></span> <span class='ocrx_word' id='word_1_322' title='bbox 520 3494 638 3555; x_wconf 89' lang='lat' dir='ltr'><strong>baberet</strong></span> <span class='ocrx_word' id='word_1_323' title='bbox 653 3494 830 3574; x_wconf 82' lang='lat' dir='ltr'><strong>supervacua</strong></span> <span class='ocrx_word' id='word_1_324' title='bbox 846 3505 901 3556; x_wconf 90' lang='lat' dir='ltr'><strong>tam</strong></span> <span class='ocrx_word' id='word_1_325' title='bbox 916 3495 1016 3565; x_wconf 49' lang='lat' dir='ltr'><strong>multa,</strong></span> <span class='ocrx_word' id='word_1_326' title='bbox 1031 3494 1103 3554; x_wconf 84' lang='lat' dir='ltr'><strong>Tum</strong></span> <span class='ocrx_word' id='word_1_327' title='bbox 1119 3499 1246 3560; x_wconf 81' lang='lat' dir='ltr'><strong>exitialis</strong></span> 
     </span>
    </p>
   </div>
   <div class='ocr_carea' id='block_1_4' title="bbox 0 0 1299 4116">
    <p class='ocr_par' dir='ltr' id='par_1_5' title="bbox 0 0 1299 4116">
     <span class='ocr_line' id='line_1_40' title="bbox 0 0 1299 4116; baseline 0 0"><span class='ocrx_word' id='word_1_328' title='bbox 0 0 1299 4116; x_wconf 95' lang='lat' dir='ltr'><strong> </strong></span> 
     </span>
    </p>
   </div>
  </div>
 </body>
</html>
