2588 4116
419 154 686 245 rnuueurucus
701 196 744 249 se.
757 195 802 249 ec.
815 194 858 248 er.
1081 188 1143 249 eus

133 349 179 401 est
193 336 304 399 referre
321 335 398 415 quod
416 344 586 397 tormentum
601 338 652 397 tibi
667 337 840 415 iniunxeris,
856 356 893 397 ne
908 339 976 416 quid
990 341 1081 401 amico
1094 361 1144 402 ue·
1170 373 1173 377 ·
1265 377 1268 381 .

132 441 229 501 geres.
252 422 390 482 Dimisisti
404 421 542 499 optimum
558 422 650 480 uirum
664 421 772 500 tibique
787 422 979 500 carissimum,
994 424 1098 486 invitus
1114 435 1144 487 et

133 508 239 583 tristis,
268 515 298 566 ct
320 505 402 583 quasi
422 506 548 565 retinere
569 522 626 565 nou
646 521 761 583 posses.
793 504 933 578 Quantum
953 524 1063 569 amares
1078 527 1144 569 cum

133 589 278 651 desiderio
295 597 434 667 expertus
449 607 499 666 es,
522 587 674 650 distractus
690 597 913 668 separatusque,
938 588 1002 650 dum
1017 591 1099 652 cedis
1114 602 1143 653 et

107 674 268 738 trinceris.
300 672 359 750 lta,
380 671 455 750 quod
471 671 556 732 iando
569 673 742 750 inauditum,
765 689 829 732 curn
844 672 980 753 princeps
995 684 1025 735 et
1039 676 1143 754 priuci-

132 759 178 836 pis
193 759 301 817 amicus
319 755 431 817 diversa
450 755 583 832 velletis,
607 756 637 816 id
650 758 747 835 potius
764 756 868 817 iactum
885 765 930 817 est
945 758 1022 836 quod
1036 760 1142 820 arnicus

131 840 259 901 volebat.
283 839 307 899 Ο
324 857 386 900 rem
400 841 552 901 memoriae
569 838 731 920 litterisque
745 838 941 900 mandandam!
965 842 1143 920 praelectum

132 925 278 1003 praetorio
295 941 353 985 non
366 941 404 983 ex
417 924 614 1002 ingerentibus
627 944 672 1002 se,
688 925 741 985 sed
756 943 772 985 e
783 922 1015 986 subtrahentibus
1027 925 1140 1003 legere,

132 1007 313 1087 eundemque
330 1007 389 1067 otio
406 1008 483 1085 quod
500 1009 686 1086 pertinaciter
699 1017 776 1068 amet
796 1006 942 1091 reddere,
964 1027 1085 1089 cumque
1100 1011 1141 1070 sis

92 1094 197 1170 10ipse
212 1092 354 1152 distentus
369 1093 480 1170 imperii
501 1093 594 1166 curis,
614 1109 672 1153 non
689 1093 794 1171 quietis
812 1090 908 1169 gloria
928 1095 1057 1172 cuiquam
1072 1095 1142 1153 invi·

132 1175 213 1236 dere.
245 1174 460 1253 Intellegimus,
483 1173 607 1253 Cacsar,
630 1187 763 1254 quantum
783 1175 834 1234 tibi
856 1190 909 1252 pro
930 1174 1074 1237 laboriosa
1087 1178 1141 1237 ista

131 1260 254 1320 statione
271 1269 300 1319 ct
316 1260 445 1320 exercita
460 1259 634 1338 debeamus,
655 1277 719 1319 cum
733 1258 823 1319 otium
836 1275 853 1316 a
867 1265 914 1334 te,
936 1268 1077 1337 tamquam
1093 1278 1141 1320 res

136 1342 257 1418 optima,
278 1350 307 1400 et
327 1349 438 1419 petatur
460 1351 489 1401 et
507 1342 597 1404 detur.
642 1340 731 1413 Quam
755 1358 811 1418 ego
833 1340 917 1401 audio
941 1340 1139 1400 confusionem

134 1432 208 1508 tqam
218 1423 320 1501 luisse,
330 1443 393 1484 cum
405 1424 609 1502 digredientem
621 1423 854 1504 prosequereris!
865 1424 1039 1484 Pnosecutus
1052 1422 1136 1498 enim,

94 1518 190 1570 15ncc
201 1510 365 1586 temperasti
382 1508 432 1568 tibi
445 1510 604 1587 quominus
621 1511 734 1570 exeunti
749 1510 777 1568 in
792 1508 875 1567 litore
890 1506 1038 1584 amplexus
1053 1522 1137 1565 oscu-

134 1590 192 1650 lum
209 1589 310 1652 ferres.
338 1592 423 1653 Stetit
437 1591 545 1653 Caesar
559 1594 587 1653 in
603 1592 649 1653 illa
666 1593 806 1653 amicitiae
822 1590 959 1670 specula,
980 1591 1060 1650 stetit
1073 1606 1137 1670 pre·

135 1683 272 1754 cetusque
284 1685 329 1736 est
340 1694 428 1755 prona
442 1678 528 1737 maria
544 1676 744 1755 celeremque,
762 1677 787 1735 si
803 1683 896 1736 tamen
907 1676 972 1753 ipse
986 1673 1136 1748 voluisset,

134 1764 300 1836 recursum,
315 1778 370 1821 nec
385 1763 517 1821 sustinuit
532 1761 716 1821 recedentem
726 1776 783 1820 non
797 1762 881 1819 etiarn
893 1767 979 1838 atque
991 1759 1075 1818 etiam
1085 1773 1136 1815 vo·

133 1843 170 1901 tis
184 1842 308 1902 lacrimis
322 1846 414 1921 sequi.
437 1844 509 1903 Nam
520 1844 556 1904 de
566 1844 736 1904 liberalitate
747 1852 842 1904 taceo.
864 1841 974 1915 Quibus
990 1843 1064 1902 enirn
1077 1857 1137 1899 mu·

90 1925 250 1989 bonoribus
262 1928 378 2004 aequari
393 1926 466 1985 baec
478 1944 545 1985 cura
556 1928 708 2004 principis,
720 1925 791 1984 baec
806 1926 940 2003 patientia
953 1932 1065 2003 potest,
1082 1940 1137 2000 qua

133 2009 261 2068 meruisti
278 2018 309 2067 ut
327 2007 377 2066 ille
395 2008 449 2067 sibi
466 2009 580 2067 nimium
595 2008 676 2068 fortis
697 2025 731 2067 ac
749 2023 843 2085 prope
863 2006 948 2067 durus
970 2003 1137 2066 uideretur?

133 2089 196 2151 Nec
213 2090 311 2150 dubito
328 2093 395 2169 quin
413 2093 561 2168 agitaverit
575 2109 673 2151 secum
689 2109 724 2150 au
736 2089 931 2168 gubernacula
945 2097 1135 2166 retorqueret,

129 2183 165 2235 et
178 2174 315 2251 iecisset,
332 2175 386 2234 nisi
397 2175 479 2253 ,quod
493 2191 584 2252 paene
600 2177 664 2252 ipso
677 2173 862 2234 contubernio
876 2174 1012 2250 principis
1023 2170 1135 2229 felicius

134 2258 340 2336 iucundiusque
356 2267 401 2319 est
413 2257 577 2319 desiderare
593 2260 751 2337 principem
767 2256 984 2341 desiderantem.
1027 2253 1065 2314 [lt
1085 2253 1135 2314 ille

90 2342 248 2421 mquidem
265 2353 295 2402 ut
311 2343 432 2403 maximo
449 2341 542 2404 fructu
567 2343 697 2420 suscepti
717 2343 754 2402 ita
774 2342 880 2399 maiore
903 2339 1027 2417 depositi
1047 2335 1135 2395 oflicii

135 2425 227 2504 gloria
241 2425 358 2504 fruitur,
378 2436 408 2487 tu
428 2437 523 2488 autem
542 2426 677 2487 iacilitate
692 2426 746 2486 ista
764 2432 936 2484 consecutus
951 2440 1038 2482 esne
1050 2437 1135 2498 quem

134 2511 259 2570 retinere
276 2510 399 2570 videaris
416 2512 542 2592 invitpm.
586 2508 678 2570 Civile
694 2509 752 2570 hoc
769 2517 831 2570 erat
848 2515 877 2568 et
895 2507 1003 2586 parenti
1019 2504 1134 2583 publico
1144 2499 1186 2565 87

136 2594 452 2671 convenientissimum,
474 2593 544 2655 nibil
565 2612 692 2671 cogere,
715 2609 888 2670 semperque
899 2590 1062 2650 meminisse
1074 2587 1134 2647 nul·

134 2676 189 2736 lam
206 2684 309 2736 mutam
327 2685 499 2753 potestatem
517 2678 646 2756 cuiquam
668 2676 726 2737 dari
745 2693 833 2754 posse
844 2683 886 2735 ut
902 2691 958 2734 non
977 2674 1013 2734 sit
1030 2673 1136 2750 gratior

89 2768 279 2839 eopotestate
290 2758 416 2821 libertas.
459 2759 570 2837 Dignus
583 2779 631 2838 es,
648 2757 769 2837 Caesar,
787 2760 834 2838 qui
845 2757 939 2818 cilicia
953 2755 1069 2818 mandes
1086 2754 1135 2814 de·

134 2860 244 2923 ponera
259 2843 438 2922 optantibus;
460 2846 508 2922 qui
525 2843 687 2923 petentibus
698 2845 875 2904 vacationem
894 2843 996 2901 invitus
1008 2838 1133 2917 quidem,

132 2927 183 2988 sed
199 2937 293 2988 tamen
307 2929 429 2997 tribuas;
444 2929 493 3006 qui
505 2928 542 2987 ab
559 2927 657 2987 amicis
672 2927 819 2988 orantibus
834 2927 1034 3003 requiemnon
1049 2930 1079 2982 tc
1092 2940 1139 2981 re·

131 3011 219 3090 linqui
242 3022 342 3090 putes;
363 3013 412 3091 qui
433 3029 552 3089 semper
567 3012 695 3072 invenias
712 3021 742 3072 ct
758 3028 830 3090 quos
847 3027 885 3069 ex
899 3009 958 3068 otio
972 3023 1095 3068 revoces
1111 3011 1140 3063 et

132 3112 206 3174 quos
223 3098 282 3156 otio
293 3095 406 3156 reddas.
427 3094 489 3156 Vos
501 3110 633 3174 quoqne,
649 3111 721 3174 quos
737 3112 839 3173 parens
854 3101 953 3152 noster
967 3087 1142 3149 familiariter

88 3188 123 3242 35
133 3180 279 3258 inspicere
294 3179 440 3257 dignatur,
458 3179 556 3239 iovete
573 3178 705 3239 iudicium
721 3181 783 3239 eius
799 3175 875 3255 quod
890 3175 926 3235 de
942 3173 1026 3234 uobis
1038 3168 1138 3231 babet:

131 3261 179 3321 liic
200 3272 298 3324 vester
316 3263 399 3324 labor
418 3271 472 3324 est.
516 3262 654 3341 Princeps
677 3263 768 3339 enirn,
795 3277 859 3320 cum
880 3259 986 3317 inuno
1010 3254 1140 3333 probavit

132 3364 225 3405 amare
240 3367 274 3408 se
290 3350 384 3424 scire,
405 3356 487 3407 vacat
502 3346 603 3425 culpa,
626 3346 650 3406 si
663 3344 735 3405 alios
750 3346 839 3404 minus
854 3350 936 3402 amat.
967 3339 1064 3419 lpsum
1079 3339 1140 3417 qui·
1187 3415 1191 3421 Ι

133 3429 198 3489 dem
213 3432 277 3508 quis
296 3432 479 3492 mediocriter
498 3430 613 3508 diligat,
639 3447 704 3489 cum
724 3428 807 3506 leges
828 3425 935 3488 amandi
950 3441 1006 3485 non
1022 3423 1071 3483 det
1088 3420 1141 3482 sed
