2588 4116
153 228 214 292 174
577 226 611 288 C.
632 228 728 288 PLlNl

127 384 292 448 nubserves
315 390 362 440 aut
382 382 455 440 scias
476 380 586 443 melius.
620 379 722 455 Cogita
744 390 772 438 te
793 381 907 438 missum
928 379 956 437 in
977 381 1153 456 provinciam

151 461 295 535 Achaiam,
309 461 383 520 illam
395 479 489 520 veram
502 472 530 522 et
541 478 644 521 meram
654 459 809 537 Graeciam,
822 463 849 520 in
862 480 915 540 qua
928 462 1050 540 primum
1061 463 1155 519 huma'

151 547 233 621 nitas,
246 544 369 621 litterae,
383 547 465 605 etiam
477 545 575 623 fruges
588 544 718 603 inventae
731 562 798 627 esse
810 546 976 612 creduntur;
990 545 1111 604 missum
1121 544 1152 603 ad

153 629 334 689 ordinandum
348 639 449 689 statum
462 630 611 688 liberarum
624 629 782 705 civitatum,
795 628 895 706 idest,
908 629 942 689 ad
954 629 1088 689 homines
1101 646 1152 686 ma·

151 715 226 772 xime
239 713 382 788 homines,
399 713 434 772 ad
446 712 553 773 liberos
566 713 685 772 maxime
697 711 816 788 liberos,
830 713 905 790 quod
915 715 959 772 ins
970 732 987 772 a
998 721 1099 772 natura
1110 713 1173 773 ‹ta-5

151 806 208 856 turn
219 798 338 872 virtute,
358 799 481 872 meritis,
503 797 632 871 amicitia,
652 795 771 854 loedere
783 794 906 874 denique
918 796 1151 873 etreligionete·

125 887 278 940 annerum.
297 885 440 941 Reverere
455 881 618 940 conditores
631 879 701 939 deos
714 888 743 938 et
753 883 863 940 nomina
875 881 1004 957 deorum,
1015 898 1152 941 reverere

152 959 271 1035 gloriam
292 965 421 1017 veterem
441 967 470 1017 et
489 957 560 1017 hanc
576 959 665 1036 ipsam
677 966 871 1035 senectutem,
894 977 966 1037 qnae
988 963 1015 1019 in
1037 961 1149 1021 bomine

151 1040 332 1116 venerabilis,
350 1042 378 1099 in
393 1041 508 1100 urbibus
523 1059 614 1100 sacra.
636 1041 677 1100 Sit
692 1041 766 1119 apud
781 1051 809 1100 te
826 1041 915 1100 horror
930 1045 1099 1122 antiquitati,
1117 1048 1149 1104 sit

62 1157 65 1162 ·
151 1123 311 1201 ingentibus
334 1122 433 1200 iactis,
454 1126 490 1183 sit
505 1123 607 1183 fabulis
623 1141 748 1202 quoque.
779 1122 854 1182 Nihil
871 1144 908 1184 ex
929 1128 1097 1204 cuiusquam
1112 1129 1148 1187 di·
1157 1135 1182 1186 10

152 1210 274 1285 gnitate,
295 1207 363 1266 nihil
378 1226 415 1267 ex
429 1207 577 1285 libertate,
599 1207 666 1266 nihil
681 1211 762 1268 etiam
779 1226 815 1267 ex
825 1207 976 1268 iactatione
994 1209 1148 1289 decerpse-

128 1294 203 1354 4ris.
236 1290 315 1350 Habe
337 1300 400 1351 ante
424 1291 524 1351 oculos
545 1291 616 1351 hanc
634 1310 700 1352 esse
720 1300 821 1350 terram
843 1309 914 1368 quae
935 1292 1017 1353 nobis
1043 1297 1150 1355 miserit

153 1379 229 1453 iura,
252 1393 323 1454 quaa
343 1374 424 1452 leges
445 1394 501 1436 non
521 1377 603 1435 vietis
624 1374 676 1434 sed
690 1376 851 1454 petentibus
871 1375 999 1453 dederit,
1022 1377 1148 1438 Athenas

152 1479 218 1519 esse
235 1477 304 1536 quas
316 1457 412 1534 adeas,
428 1458 667 1519 lacedaemonem
679 1477 745 1518 esse
761 1477 841 1536 quam
853 1477 951 1535 regas;
968 1461 1072 1537 quibus
1084 1462 1148 1521 reli·

152 1560 233 1620 quam
248 1542 371 1599 umbram
391 1551 420 1600 et
440 1541 581 1601 residuum
601 1541 737 1602 libertatis
752 1560 852 1601 nomen
867 1544 979 1620 eripere
993 1542 1092 1603 durum
1107 1546 1181 1604 felt

126 1640 211 1689 arum
230 1625 376 1684 barbarum
390 1634 442 1683 est.
470 1623 557 1684 Vides
573 1643 588 1684 a
602 1625 730 1702 medicis,
747 1643 911 1703 quamquam
925 1627 953 1684 in
968 1626 1088 1687 adversa
1102 1647 1147 1688 va·

151 1709 266 1767 litndine
287 1704 354 1765 nihil
375 1709 450 1766 servi
471 1725 506 1768 ac
519 1707 601 1767 liberi
623 1709 768 1785 dillerant,
795 1708 908 1770 mollius
928 1719 1021 1769 tamen
1041 1711 1147 1771 liberes

152 1791 375 1867 clementiusque
390 1793 509 1850 tractari.
534 1790 697 1852 Recordare
711 1792 775 1868 quid
792 1811 921 1871 quaeque
937 1794 1035 1854 civitas
1052 1794 1146 1871 luerit,

150 1891 205 1932 non
231 1882 260 1932 ut
284 1872 426 1951 despicias
448 1875 524 1952 quod
545 1892 611 1935 esse
632 1875 761 1936 desierit:
794 1877 867 1936 absit
886 1878 1019 1956 superbia
1040 1880 1146 1956 asperi·

123 1967 199 2020 dtas.
225 1955 287 2016 Neo
299 1958 424 2016 timueris
440 1967 639 2036 contemptum.
668 1959 712 2018 An
727 1961 913 2020 contemnitur
927 1962 975 2039 qni
989 1959 1180 2040 imperiumn

149 2043 196 2118 qui
213 2040 307 2100 fasces
320 2040 414 2116 habet,
432 2043 486 2102 nisi
502 2043 612 2102 humilis
628 2053 656 2104 et
673 2044 803 2105 sordidus
818 2053 846 2103 et
861 2046 952 2122 quise
967 2047 1072 2123 primus
1084 2047 1146 2124 ipse

151 2122 324 2185 contemnit?-
341 2122 416 2184 llale
431 2128 487 2184 vim
505 2145 582 2188 suam
593 2137 721 2206 potestas
736 2128 853 2188 aliorum
869 2129 1047 2189 contumeliis
1059 2147 1146 2208 expe·

148 2211 233 2287 ritnr,
260 2208 332 2268 male
350 2217 459 2270 terrore
480 2213 625 2272 veneratio
647 2213 815 2291 adquiritur,
843 2212 987 2289 longeque
1009 2211 1147 2273 valentior

149 2312 225 2354 amor
244 2291 278 2351 ad
298 2294 480 2371 optinendum
501 2296 575 2372 quod
589 2294 661 2354 velis
676 2312 758 2370 quarn
771 2297 861 2352 timor.
892 2292 961 2351 Nam
980 2297 1064 2354 timor
1080 2296 1145 2372 abit,
1188 2324 1190 2329 ·

149 2381 173 2437 si
188 2376 319 2450 recedas,
335 2385 428 2435 manet
444 2393 537 2452 amor,
554 2394 587 2435 ac
603 2378 676 2435 sicut
691 2374 740 2434 ille
754 2377 781 2432 in
798 2373 890 2432 odium
903 2373 950 2432 hic
965 2377 992 2431 in
1009 2385 1179 2440 reveren-lt

123 2464 212 2523 7tiam
227 2459 355 2518 vertitur.
385 2458 426 2517 l'e
443 2476 512 2517 vero
527 2460 609 2518 etiam
624 2467 708 2534 atque
723 2458 806 2515 etiam
821 2456 963 2533 (repetam
979 2460 1071 2537 enim)
1091 2481 1147 2522 ms·

148 2544 263 2600 minisse
285 2549 400 2615 oportet
423 2539 509 2599 oflicii
530 2541 570 2598 tui
591 2537 701 2597 titulum
721 2555 754 2597 ac
774 2539 824 2598 tibi
846 2539 938 2617 ipsum
948 2539 1146 2622 interpretari,

148 2624 230 2700 quale
243 2630 431 2699 quantumque
444 2622 480 2681 sit
491 2622 619 2680 ordinare
629 2629 730 2683 statum
739 2621 889 2683 liberarum
901 2624 1051 2684 civitatum.
1076 2628 1147 2688 Nam

120 2707 214 2782 aquid
236 2703 411 2763 ordinatione
433 2702 565 2766 civilius?
600 2705 667 2782 qnid
694 2705 824 2767 libertate
847 2706 1021 2786 pretiosius?
1056 2710 1144 2771 Porro

147 2806 228 2867 qnam
244 2796 337 2865 turpe,
354 2790 378 2848 si
392 2788 528 2848 ordinatio
544 2789 705 2866 eversione,
721 2789 837 2852 libertas
852 2792 989 2852 servitute
1000 2792 1182 2854 mutetur?30

146 2870 267 2932 Accedit
282 2870 357 2948 quod
378 2873 430 2931 tibi
453 2882 597 2933 certamen
619 2884 664 2934 est
685 2883 793 2934 tecum:
821 2883 918 2934 onerat
930 2883 958 2934 te
974 2887 1143 2953 quaesturae

145 2965 210 3016 tuae
226 2953 314 3031 fama,
336 2973 419 3033 quam
436 2974 472 3016 ex
487 2956 616 3032 Bithynia
631 2959 762 3037 optimam
776 2959 928 3035 revexisti,
951 2971 1048 3021 onerat
1063 2964 1143 3022 testi·

147 3040 268 3099 monium
284 3041 431 3117 principis,
448 3050 546 3100 onerat
559 3042 725 3119 tribunatus,
738 3052 879 3121 praetura,
896 3051 979 3120 atque
993 3043 1064 3104 haec
1082 3046 1144 3122 ipsa

121 3122 252 3202 alegatio
274 3125 352 3202 quasi
372 3125 524 3202 praemium
547 3125 617 3185 data.
651 3125 714 3199 Quo
729 3128 817 3204 magis
839 3126 980 3186 nitendum
1001 3136 1045 3187 est
1064 3146 1100 3187 ne
1117 3130 1144 3186 in

148 3206 302 3286 longinqua
313 3209 458 3287 provincia
474 3226 556 3286 quam
571 3210 738 3285 suburbana,
754 3227 790 3268 ne
804 3211 877 3269 inter
890 3213 1047 3270 servientes
1060 3220 1180 3288 quamdo

147 3292 272 3370 liberos,
295 3310 330 3352 ne
349 3302 427 3352 sorte
446 3310 528 3369 quarn
544 3292 647 3352 iudicio
661 3295 774 3368 missus,
791 3310 827 3352 ne
842 3293 919 3353 rudis
935 3303 964 3352 et
981 3296 1143 3370 incognitus

147 3391 230 3449 quarn
243 3376 407 3453 exploratus
422 3375 615 3454 probatusque
633 3376 778 3436 humanior
797 3377 900 3437 melior·
917 3377 1035 3454 peritior
1052 3378 1143 3438 fnisse

145 3455 282 3527 videaris;
300 3476 362 3517 oum
377 3461 413 3518 sit
427 3457 543 3537 alioqui,
559 3470 589 3519 ut
604 3478 691 3540 saepe
703 3460 816 3538 audisti,
831 3479 919 3538 saepe
934 3459 1041 3539 legisti,
1056 3461 1143 3520 multo
