2588 4116
316 250 581 314 EPISTULARUM
591 253 657 314 1111.
678 265 723 317 no.
734 263 777 317 21.
790 265 833 318 aa.
847 265 891 318 aa.
1064 255 1106 320 83

95 405 217 481 anricus,
232 404 260 463 in
276 404 451 465 duumviratu
463 406 619 466 tollendum
631 407 860 485 abolendumque
873 411 990 469 curam.
1012 409 1107 488 Nega·

96 489 180 547 batur
199 506 236 547 ex
252 492 422 550 auctoritate
442 490 556 567 publica
569 490 685 550 iecisse.
707 490 775 568 Egit
788 493 852 569 ipse
866 510 978 553 causam
989 512 1045 554 non
1055 498 1132 556 mit

96 591 151 631 nus
171 571 299 632 feliciter
313 590 396 652 quarn
414 572 532 634 diserte.
562 572 775 634 Conmendabat
791 577 935 636 actionem
948 578 1025 654 qnod
1038 588 1106 639 tann-

96 674 182 736 qnam
199 656 285 716 homo
301 656 444 717 Romanus
464 667 493 717 et
512 659 604 718 bonus
622 660 693 719 civis
711 661 740 718 in
757 661 876 737 negotio
893 678 947 719 suo
958 670 1066 721 mature
1079 672 1108 722 et

68 742 225 818 5graviter
242 740 422 819 loquebatur.
455 740 527 801 Cum
538 744 698 802 sententiae
715 752 955 821 perrogarentur,
982 744 1051 805 dixit
1063 744 1134 805 lu·3

95 825 161 884 nius
173 822 333 902 Mauricus,
345 843 403 904 quo
414 828 476 885 viro
488 826 556 886 nihil
568 827 690 903 firmins,
702 825 770 886 nibil
781 829 895 904 verius,
913 845 970 888 non
983 846 1050 888 esse
1062 847 1107 888 re-

96 908 271 971 stituendum
287 909 497 971 Viennensibus
515 929 622 988 agona:
643 911 748 972 adiecit
765 911 884 971 <vellem
902 914 987 971 etiarn
998 910 1107 972 Romae

96 991 161 1052 tolli
176 999 299 1070 posset!
312 988 513 1071 'censentem
525 997 635 1073 inquis,
651 1005 680 1054 et
692 995 812 1055 fortiter.
835 993 961 1067 Quidni?
979 997 1031 1056 sed
1049 995 1133 1057 boet

96 1095 114 1136 a
125 1075 252 1137 Maurico
264 1095 368 1137 norum
383 1097 441 1138 non
453 1089 508 1139 est.
526 1078 606 1139 Idem
617 1078 692 1158 apud
704 1081 904 1158 imperatorem
916 1077 1040 1140 Nervam
1051 1099 1108 1141 non

51 1163 190 1221 lominus
207 1161 327 1229 fortiter.
356 1161 483 1223 Cenabat
496 1161 591 1222 Nerva
604 1181 669 1222 cum
683 1166 797 1241 paucis:
820 1163 942 1223 Veiento
962 1168 1107 1242 proximus

95 1255 183 1324 atque
203 1247 286 1306 etiam
303 1249 332 1306 in
354 1249 417 1306 sinu
441 1247 641 1307 recumbebat:
668 1247 724 1306 dixi
747 1248 857 1322 omnia,
881 1265 945 1305 cnm
966 1250 1108 1308 bominem

95 1331 247 1390 nominari.
282 1329 383 1390 incidit
400 1349 495 1392 sermo
513 1330 549 1390 de
569 1328 683 1390 Catullo
699 1329 873 1405 Messalino,
896 1333 944 1408 qui
958 1330 1131 1392 inminibus5

95 1415 215 1475 orbatus
235 1415 352 1492 ingenio
370 1433 458 1475 saevo
475 1413 548 1474 mala
567 1416 714 1476 caecitatis
731 1413 891 1474 addiderat:
913 1432 971 1475 non
989 1415 1108 1477 vereba-

96 1508 159 1574 tur,
177 1516 235 1558 non
251 1500 459 1575 erubescebat,
477 1516 535 1559 non
548 1499 749 1567 miserebatur;
776 1517 834 1578 quo
851 1501 968 1576 saepius
984 1500 1109 1559 aDomi·

53 1596 87 1649 15
95 1584 175 1643 tiano
190 1600 246 1642 non
257 1602 345 1644 secus
355 1602 390 1645 ac
405 1584 479 1661 tela,
498 1601 572 1663 qnae
589 1593 619 1644 et
634 1586 697 1662 ipsa
710 1601 797 1643 caeca
810 1591 840 1644 et
852 1584 1001 1661 inprovida
1012 1585 1108 1644 terun-

96 1677 161 1744 tur,
176 1667 206 1726 in
227 1670 363 1745 optimum
380 1687 523 1748 quemque
541 1669 794 1747 contorquebatur.
825 1667 870 1728 De
885 1667 967 1729 buius
985 1671 1136 1747 nequitiad

97 1753 342 1831 sanguinariisque
362 1755 513 1813 sententiis
530 1755 559 1813 in
579 1771 726 1813 commune
741 1770 841 1813 omnes
853 1769 942 1831 super
954 1771 1054 1813 cenam
1066 1754 1109 1813 lo·

97 1836 273 1914 qnebantur,
285 1855 349 1896 cum
362 1839 425 1915 ipse
438 1839 593 1916 imperator
608 1838 689 1915 ‘quid
700 1847 831 1915 putamus
842 1855 992 1915 passurum
1004 1838 1106 1915 inisse,

97 1922 122 1979 si
140 1918 291 1981 vitereti'
320 1931 350 1982 et
371 1920 516 1981 Mauricus
537 1921 699 1982 ‘nobiscum
721 1926 860 1980 cenaret!
891 1920 1016 1998 Longius
1039 1924 1132 1997 abitt

51 2002 192 2066 toiibens
209 2016 313 2065 tamen.
334 2004 442 2064 Placuit
453 2022 546 2081 agona
563 2004 644 2080 tolli,
669 2006 716 2082 qui
734 2023 830 2064 mores
848 2003 1053 2065 Viennensium
1068 2009 1109 2065 in-

96 2088 228 2163 iccerat,
251 2098 282 2146 ut
297 2096 398 2147 noster
414 2088 460 2146 bic
477 2089 609 2146 omnium.
644 2085 715 2145 Nam
731 2086 937 2147 Viennensium
955 2091 1023 2148 vitia
1039 2092 1109 2148 intra

96 2173 181 2248 ipsos
198 2170 343 2247 residunt,
362 2180 459 2230 nostra
477 2169 533 2230 late
550 2179 703 2246 vagantur,
728 2180 816 2248 utque
834 2172 862 2228 in
882 2173 1051 2248 corporibus
1066 2176 1110 2233 sic

95 2257 125 2315 in
150 2256 272 2333 imperio
294 2256 480 2333 gravissimus
504 2264 549 2314 est
568 2254 683 2314 morbus
708 2255 755 2332 qui
777 2273 794 2313 a
821 2254 915 2332 capite
937 2255 1107 2316 diffunditur.
1142 2317 1144 2319 ,

73 2427 84 2441 .
96 2338 180 2399 Vale.

53 2426 89 2478 ²³
550 2470 657 2533 xxiii.

305 2569 332 2620 C.
349 2570 475 2623 PLINIUS
490 2571 655 2625 POMPONIO
675 2571 777 2623 BASSO
796 2570 857 2623 SUO
874 2571 901 2626 S.

162 2672 293 2750 Magnam
307 2676 373 2751 cepi
384 2673 577 2753 voluptatem,
601 2694 665 2735 cum
683 2693 720 2734 ex
740 2674 937 2735 communibus
948 2676 1046 2735 amicis
1060 2687 1130 2738 co·l

98 2759 187 2835 gnovi
209 2767 239 2817 te
261 2767 291 2817 nt
314 2759 454 2835 sapientia
471 2768 519 2819 tua
537 2759 656 2837 dignum
674 2768 720 2820 est
748 2768 778 2819 et
794 2758 949 2837 disponere
968 2761 1056 2819 otium
1080 2770 1110 2820 et

55 2842 195 2919 anferre,
218 2841 345 2901 babitare
370 2844 569 2903 amoenissimo
592 2853 622 2904 et
640 2862 714 2903 nunc
733 2851 808 2903 terra
825 2862 899 2903 nunc
916 2844 985 2903 mari
1004 2862 1110 2924 corpus

98 2929 225 3003 agitare,
243 2925 360 2985 multum
378 2925 541 3005 disputare,
559 2927 677 2987 multum
694 2927 810 3004 audire,
830 2927 948 2989 multum
967 2926 1109 3005 lectitare,

98 3028 222 3090 cumque
234 3009 385 3089 plurimum
401 3013 494 3087 scias,
518 3013 623 3072 cotidie
642 3022 735 3072 tamen
748 3011 854 3091 aliquid
872 3013 1033 3072 addiscere.
1068 3013 1136 3072 ltat

98 3112 258 3155 senescere
275 3103 391 3174 oportet
408 3097 499 3153 virum
516 3096 565 3174 qui
577 3099 756 3174 magistratus
768 3095 959 3175 amplissimos
970 3098 1109 3171 gesserit,

99 3182 245 3239 exercitus
257 3180 374 3256 rexerit,
390 3188 538 3257 totumque
550 3197 584 3240 se
599 3180 803 3260 reipublicae,
823 3197 906 3258 quam
918 3178 963 3237 din
977 3177 1110 3254 decebat,

55 3272 89 3324 35
100 3263 248 3341 optulerit.
281 3262 352 3323 Nam
371 3272 401 3323 et
422 3265 510 3343 prima
524 3265 597 3326 ritae
612 3275 742 3344 tempora
760 3273 790 3322 et
806 3262 899 3322 media
917 3262 1042 3340 patriae,
1061 3273 1137 3325 err-3

98 3358 190 3408 trema
200 3348 284 3408 nobis
296 3349 441 3426 impertire
458 3347 612 3424 debemus,
634 3358 665 3409 ut
682 3351 762 3426 ipsae
780 3345 864 3422 leges
880 3354 1011 3424 monent,
1035 3365 1110 3427 quae

97 3435 236 3492 maiorem
248 3437 327 3493 annis
345 3434 404 3492 otio
422 3431 552 3491 reddunt.
574 3432 694 3505 Quando
706 3430 773 3489 mibi
793 3429 910 3506 licebit,
933 3432 1044 3508 quando
1056 3443 1136 3512 pert

98 3526 224 3578 aetatem
237 3517 388 3579 honesturn
403 3518 456 3578 erit
471 3517 571 3575 imitari
585 3516 661 3577 istud
677 3512 886 3596 pulcherrimae
898 3517 1002 3659 qupetis
1014 3535 1109 3577 erem-
