2588 4116
399 123 664 186 PANEGYRICUS
683 135 726 190 78.
739 136 783 190 79.
794 137 838 193 80.
851 138 899 192 81.
1085 128 1148 193 269

136 280 276 357 sumpsit,
300 288 356 338 tam
377 275 500 354 diligens
521 279 735 356 temperamenti
755 288 785 338 ut
804 297 859 340 nec
878 281 1005 341 consulis
1021 281 1145 341 oflicium

135 365 274 441 princeps
296 379 351 421 neo
371 363 509 439 principis
532 359 632 420 consul
647 359 805 437 adpeteret.
834 362 971 424 Videmus
987 374 1017 425 ut
1031 368 1145 443 provin·

136 449 243 505 ciarum
258 444 426 521 desideriis,
448 453 478 503 ut
493 444 667 522 singularum
683 445 767 503 etiam
783 446 927 508 ciuitatum
942 447 1077 525 precibus
1096 466 1145 509 oc-

137 538 243 589 currat.
254 526 340 587 Nulla
353 529 382 586 in
396 526 536 587 audiendo
551 525 715 604 difficultas,
731 527 808 587 nulla
823 530 852 589 in
868 531 1072 608 respondendo
1083 551 1143 593 mo-

108 626 180 675 5ra:
196 612 300 672 adeunt
316 613 424 686 statim,
442 609 616 671 dimittuntur
630 612 748 679 statim:
761 610 930 692 tandemque
946 617 1085 694 principis
1101 616 1143 676 lo·

135 716 184 758 res
200 695 320 756 exclusa
341 694 514 772 legationum
531 695 613 754 turba
624 711 681 754 non
696 695 819 755 obsidet.
851 694 947 770 Quid?
969 701 998 758 in
1014 700 1195 774 omnibusso

138 779 351 858 cognitionibus
368 796 450 857 quam
467 779 542 840 mitis
563 779 721 854 severitas,
749 797 831 857 quam
850 797 907 840 non
927 781 1065 845 dissoluta
1083 783 1142 843 cle·

136 862 254 925 mentia!
281 860 346 921 Non
360 860 564 939 locupletando
581 862 652 921 iisco
674 861 779 940 sedes,
801 882 857 924 neo
872 864 948 925 aliud
962 866 1013 926 tibi
1028 875 1142 926 senten·

134 950 191 1007 tiae
209 955 274 1007 tuae
288 947 409 1024 pretium
424 962 506 1022 quam
522 945 598 1006 bene
616 945 768 1006 iudicasse.
798 948 878 1007 Stant
892 959 957 1010 ante
973 958 1002 1009 te
1019 949 1142 1027 litigato·

92 1043 127 1093 10
136 1049 183 1091 res
198 1047 255 1090 non
266 1029 303 1089 de
317 1029 437 1089 fortunis
452 1030 522 1107 suis,
538 1028 590 1088 sed
605 1028 641 1089 de
656 1040 704 1090 tua
722 1031 929 1093 existimatione
944 1032 1070 1109 solliciti,
1087 1052 1141 1093 nec

135 1125 192 1173 tam
205 1121 342 1173 verentur
358 1111 425 1191 quid
440 1110 476 1172 de
493 1129 577 1173 eausa
593 1131 644 1173 sua
656 1132 739 1192 quarn
754 1113 868 1192 quidde
882 1117 1008 1177 moribus
1024 1118 1141 1178 sentias.

136 1197 161 1256 0
181 1215 251 1258 vere
276 1197 414 1275 principis
435 1206 520 1275 atque
536 1199 619 1256 etiam
640 1195 783 1273 consulis,
810 1198 1000 1259 reconciliare
1013 1199 1141 1260 aemulas

136 1282 284 1358 civitates,
310 1288 508 1359 tumentesque
530 1279 654 1359 populos
676 1297 732 1340 non
750 1281 871 1359 imperio
891 1284 982 1359 magis
999 1300 1080 1361 qnam
1098 1301 1141 1341 ra-

134 1369 213 1425 tione
231 1381 427 1442 conpescere;
445 1363 625 1425 intercedere
640 1364 833 1443 iniquitatibus
847 1368 1077 1442 magistratuum,
1100 1367 1140 1425 in·

93 1450 302 1527 ltfcctumque
328 1447 452 1507 reddere
473 1447 608 1527 quidquid
630 1449 769 1508 desinon
794 1451 965 1527 oportuerit;
994 1458 1140 1528 postremo

135 1617 303 1695 dccnmque.
316 1619 477 1676 invocatum
491 1617 601 1694 statim,
622 1616 703 1677 velut
717 1634 818 1677 numen
827 1616 962 1694 „adesse
978 1626 1007 1678 et
1021 1616 1139 1677 adsiste-

134 1699 181 1759 re!
210 1698 287 1761 Talia
307 1718 373 1761 esse
396 1700 564 1763 crediderim
584 1718 657 1779 quae
677 1703 742 1779 ipse
764 1700 859 1760 mundi
877 1719 980 1780 parens
1001 1709 1140 1780 temperat

135 1793 220 1861 nutu,
243 1785 267 1845 si
287 1783 399 1862 quando
418 1784 520 1845 oculos
536 1783 648 1844 demisit
664 1787 692 1845 in
707 1793 798 1845 terras
813 1795 843 1846 et
858 1784 915 1846 lata
929 1783 1085 1845 mortalium
1099 1785 1128 1842 in

94 1876 180 1931 buter
199 1867 292 1927 divim
313 1885 402 1945 opera
422 1885 570 1926 numerare
585 1867 715 1943 dignatus
730 1877 790 1927 est:
813 1887 867 1945 qua
883 1887 957 1928 nunc
972 1877 1052 1947 parte
1068 1867 1141 1927 liber

135 1948 321 2028 solutusque,
337 1958 443 2009 tanturn
460 1948 542 2008 caelo
557 1958 655 2026 vacat,
679 1959 829 2028 postquam
844 1960 873 2010 te
890 1951 984 2027 dedit,
1007 1952 1055 2029 qui
1072 1968 1141 2026 erga

134 2051 219 2094 omne
240 2033 383 2092 hominum
408 2050 499 2109 genus
516 2032 590 2097 ‚vice
618 2049 669 2091 sua
695 2032 865 2109 fungereris.
905 2032 1045 2110 Fungeris
1067 2034 1141 2092 enim

134 2116 302 2194 sufficisqne
314 2115 469 2192 mandanti,
493 2132 556 2174 cum
571 2115 621 2174 tibi
637 2114 698 2175 dies
714 2117 803 2176 omnis
819 2135 926 2176 summa
942 2133 1005 2177 enm
1020 2114 1139 2175 utilitate

134 2211 248 2278 nostra,
266 2217 372 2260 summa
388 2218 451 2259 cnm
469 2209 515 2259 tua
529 2197 613 2259 laude
630 2199 775 2260 condatur.

91 2294 125 2347 25
199 2282 307 2356 Quodsi
322 2283 434 2362 quando
453 2301 517 2342 cum
531 2281 713 2343 induentibus
727 2285 852 2360 negotiis
867 2283 944 2360 paria
965 2281 1076 2356 fecisti,
1098 2283 1138 2339 in·
1150 2283 1189 2347 81

135 2379 193 2429 star
211 2368 377 2429 reiectionis
397 2368 540 2429 existimas
556 2368 738 2428 mutationem
760 2366 876 2427 laboris.
906 2365 987 2439 Quae
1004 2366 1078 2441 enim
1095 2382 1140 2423 re·

134 2454 231 2512 naissio
246 2453 296 2512 tibi
311 2454 365 2512 nisi
379 2451 500 2513 lustrare
515 2450 617 2530 saltus,
633 2461 771 2512 excutere
787 2449 929 2511 cubilibus
945 2448 1038 2527 ieras,
1054 2465 1140 2528 snpe-

134 2554 197 2596 rurc
215 2536 340 2595 inmensa
355 2539 488 2597 montium
502 2537 568 2612 iuga
583 2545 611 2595 et
625 2536 806 2597 horrentibus
820 2534 951 2613 scopulis
966 2535 1084 2612 gradrnn
1100 2534 1139 2591 in·

134 2621 228 2694 serre,
245 2618 348 2679 nullius
360 2637 459 2696 manu,
472 2619 576 2680 nullius
587 2621 712 2697 vestigio
724 2621 866 2698 adiutum,
882 2628 966 2699 atque
981 2620 1054 2680 inter
1067 2617 1140 2677 baec

88 2706 182 2782 bopia
194 2712 291 2763 mente
307 2702 384 2763 adire
399 2701 482 2763 lucos
496 2712 524 2763 et
540 2719 694 2763 occursare
710 2700 889 2766 numinibus?
913 2703 987 2764 Olim
1001 2702 1073 2763 baec
1090 2720 1139 2761 ex·

133 2789 275 2867 parientia
289 2788 461 2865 inventutis,
477 2785 550 2846 haee
567 2786 699 2865 voluptas
713 2797 789 2866 erat,
807 2787 852 2849 bis
868 2789 974 2849 artibus
988 2787 1073 2847 futuri
1089 2785 1138 2844 du·

134 2890 186 2932 ces
202 2871 407 2949 imbuebantur,
431 2879 541 2931 certare
556 2888 619 2929 oum
633 2870 782 2949 fugacibus
800 2872 869 2932 iaris
890 2890 990 2949 cursu,
1014 2888 1077 2930 cum
1091 2887 1138 2927 au·
1230 2896 1232 2901 ·

134 2956 253 3016 dacibus
268 2956 391 3033 robore,
413 2972 476 3014 cum
491 2952 601 3015 callidis
616 2964 678 3015 astu
684 2978 691 3025 ;
718 2973 773 3017 nec
789 2954 934 3016 mediocre
952 2955 1030 3030 pacis
1050 2951 1138 3010 decus

133 3040 291 3100 habebatur
306 3047 444 3101 summota
463 3040 569 3118 campis
584 3041 706 3118 inruptio
726 3039 849 3100 ferarum
862 3046 891 3097 et
906 3035 1054 3096 obsidione
1072 3051 1138 3108 qua·

88 3135 124 3190 35
137 3124 198 3184 dam
218 3122 354 3184 liberatus
377 3124 531 3200 agrestium
553 3123 644 3183 labor.
674 3122 855 3201 Usurpabant
869 3117 989 3198 gloriam
1003 3118 1084 3175 istam
1099 3114 1138 3174 illi

134 3225 249 3287 quoquc
260 3207 406 3286 prinsipes
416 3208 464 3284 qui
478 3207 559 3266 obire
574 3224 630 3267 non
644 3215 789 3286 poterant:
803 3202 974 3282 usurpabant
988 3208 1081 3259 autem
1094 3199 1139 3260 ita

133 3301 164 3350 ut
179 3291 297 3351 domitas
312 3290 474 3369 fractasque
489 3290 619 3351 claustris
635 3290 711 3349 ieras
728 3307 762 3349 ac
777 3287 879 3348 deinde
894 3288 922 3345 in
933 3286 1060 3363 ipsorum
1078 3283 1138 3362 qui·
1212 3296 1216 3303 ’

133 3374 369 3516 derlequdibrium
398 3373 516 3436 emissas
534 3377 650 3434 mentita
669 3374 825 3449 sagacitate
847 3368 1026 3516 collp'gprent.
1065 3366 1137 3427 llnic

240 3481 248 3515 ι
261 3463 311 3517 En.
