2588 4116
356 222 618 284 EPISTULARUM
633 224 722 286 Vllll.
747 238 772 287 1.
787 237 814 287 2.
1041 225 1100 290 175

96 376 254 437 deformius
281 376 409 434 amittere
437 393 519 453 quam
543 394 600 435 non
623 376 742 454 adsequi
764 377 883 437 laudem.
915 377 994 438 Haec
1015 378 1100 438 velim
1112 387 1142 437 10

97 458 211 535 credas,
228 457 303 535 quod
316 459 394 517 initio
409 458 475 535 dixi,
491 460 644 538 scripsisse
659 478 705 519 me
721 459 933 538 admonentem,
948 479 1004 521 non
1018 480 1100 539 prae-

98 544 266 621 cipientem;
282 559 447 621 quamquam
461 544 685 621 praecipientem
701 561 826 622 quoque.
850 543 962 623 Quippe
980 562 1036 604 non
1051 564 1100 605 ve·

96 644 165 687 reor
179 629 207 685 in
222 642 318 685 amore
333 644 369 685 ne
384 625 497 684 modum
519 626 706 687 excesserim.
737 626 839 705 Neque
856 628 930 686 enim
943 628 1100 706 periculum

68 720 144 775 5est
159 729 195 771 ne
210 709 375 778 sitnimium
387 708 461 786 quod
474 727 541 769 esse
556 711 704 769 maximum
719 711 816 770 debet.
847 709 927 771 Vale.

498 889 693 911 ..Ἀ-...-

316 1054 354 1135 ι.
383 1054 492 1133 rum
523 1054 680 1135 cauom
708 1005 882 1135 suctum
1028 1100 1032 1110 ·

214 1223 245 1335 ll
287 1224 318 1334 P
359 1223 378 1332 l
422 1222 446 1331 l
488 1222 517 1332 l
559 1221 593 1335 U
637 1223 664 1331 l
708 1225 741 1333 d
784 1225 819 1334 ll
859 1224 893 1337 U
936 1222 977 1336 ll

479 1409 574 1464 LIBER
595 1408 720 1465 NONUS.
777 1424 780 1429 ’

586 1569 608 1629 Ι.

370 1668 397 1720 o.
416 1668 540 1720 antonus
559 1668 688 1719 mnxrnm
707 1669 768 1721 suo
785 1670 812 1722 S.

160 1788 255 1867 Saepe
276 1797 305 1848 te
328 1787 422 1846 monui
442 1797 473 1847 ut
487 1786 577 1847 libros
593 1804 665 1864 quos
679 1787 725 1846 vel
741 1803 793 1865 pro
811 1796 839 1847 te
854 1785 902 1847 vel
918 1788 945 1845 in
964 1786 1123 1867 Plantam,1

98 1874 182 1933 immo
198 1881 227 1932 et
247 1889 300 1951 pro
312 1879 341 1931 te
358 1881 386 1931 et
402 1870 521 1929 inillam
538 1871 592 1948 (ita
608 1873 681 1929 enim
694 1872 812 1931 materia
827 1870 966 1949 cogebat)
983 1888 1099 1949 compo·

50 1974 89 2026 ιο
97 1957 179 2017 suisti
191 1973 274 2033 qoam
287 1953 474 2013 maturissime
490 1955 650 2021 emitteres;
665 1953 742 2031 quod
754 1971 828 2013 nunc
839 1954 995 2033 praecipue
1008 1966 1099 2014 morte

97 2041 160 2100 eius
175 2038 268 2098 audita
286 2046 314 2097 et
328 2034 427 2095 hortor
441 2044 471 2095 et
491 2052 603 2095 moneo.
636 2035 769 2107 Quamvis
791 2038 864 2095 enim
884 2036 992 2113 legeris
1007 2038 1126 2102 multis2

96 2121 296 2200 legendosque
318 2117 443 2194 dederis,
459 2117 526 2177 nolo
541 2128 634 2177 tamen
649 2136 817 2196 quemquam
834 2121 941 2198 opinari
964 2119 1098 2181 defuncto

97 2206 209 2266 demum
226 2202 391 2278 inchoatos,
408 2218 480 2279 quos
500 2200 633 2260 incolomi
655 2218 691 2260 eo
709 2204 857 2280 peregisti.
892 2201 976 2261 Salva
998 2203 1034 2262 sit
1049 2204 1125 2268 tibio

99 2289 274 2351 constantiae
289 2286 369 2347 lama.
392 2284 454 2345 Urit
467 2294 571 2360 autem,
587 2286 610 2344 si
623 2294 720 2344 notum
731 2286 829 2363 aequis
841 2286 1001 2364 iniquisque
1015 2286 1100 2347 fuerit

22 2358 156 2457 lacoon
176 2382 243 2453 post
263 2371 366 2431 inimici
388 2377 507 2429 mortem
528 2368 671 2429 scribendi
689 2369 739 2428 tihi
759 2378 849 2429 natam
871 2387 939 2429 esse
958 2369 1098 2446 iiduciam,

28 2462 34 2517 i
97 2457 151 2519 sed
165 2460 218 2518 iam
231 2464 355 2536 paratam
370 2453 523 2515 editionem
535 2462 626 2513 morte
639 2463 836 2531 praeventam
858 2462 886 2512 et
899 2453 980 2514 simul
997 2453 1098 2514 vitabis

97 2541 166 2601 illud
180 2533 241 2618 οὐχ
253 2530 327 2616 ὁσίη
340 2535 567 2616 φθιμένοισιν.
595 2535 666 2598 Nam
680 2537 756 2616 quod
771 2537 807 2598 de
827 2540 942 2598 vivente
962 2538 1122 2616 scriptume

98 2634 161 2700 est,
183 2626 210 2682 in
228 2622 390 2682 defunctum
406 2638 537 2700 quoque,
559 2631 698 2699 tamquam
713 2622 857 2683 viventem
873 2622 982 2699 adhuc,
995 2621 1097 2700 editur,

98 2711 123 2766 si
139 2707 232 2767 editur
245 2705 347 2765 statim.
366 2702 466 2781 Igitur,
478 2705 580 2782 siquid
593 2705 667 2764 aliud
681 2707 709 2764 in
721 2707 858 2784 manibus,
876 2708 986 2766 interim
1002 2706 1098 2765 differ:

53 2789 289 2868 conceperam,
308 2786 384 2866 qood
397 2787 492 2865 nobis,
508 2789 556 2865 qui
571 2788 704 2865 legimus,
721 2790 788 2849 olim
802 2790 963 2852 ahsolutum
977 2790 1097 2850 videtur.

34 2888 39 2925 1
97 2874 157 2935 Sed
172 2876 225 2933 iam
236 2871 364 2932 videatur
375 2879 405 2930 et
418 2870 480 2947 tint,
497 2873 576 2932 cuius
589 2875 797 2934 cunctationem
812 2893 868 2934 nec
887 2892 935 2934 res
949 2875 1012 2951 ipsa
1024 2872 1098 2933 desi·

97 2958 176 3019 derat
189 2966 218 3018 et
228 2956 366 3035 temporis
377 2955 448 3015 ratio
462 2953 608 3032 praecidit.
631 2954 711 3015 Vale.

578 3086 614 3146 ll.

389 3187 416 3240 o.
433 3187 557 3238 noturus
573 3186 687 3237 suerso
704 3185 763 3237 suo
780 3185 806 3235 s.

160 3293 244 3354 Facis
269 3291 391 3352 iucunde
413 3291 488 3369 quod
507 3308 563 3351 non
584 3290 675 3352 solum
700 3290 834 3369 plurimas
862 3284 1000 3365 epistulas
1021 3298 1123 3349 meast

98 3395 198 3438 verum
213 3378 296 3437 etiam
310 3375 490 3452 longissimas
505 3373 629 3451 llagitas;
646 3374 675 3432 in
691 3373 792 3450 quibus
806 3370 919 3449 parcior
933 3368 983 3444 lui,
999 3370 1099 3448 partim

100 3462 166 3541 quia
185 3470 248 3522 tuas
263 3460 467 3541 occupationes
485 3456 622 3536 verebar,
645 3458 745 3534 partim
767 3456 829 3532 quia
850 3454 913 3532 ipse
928 3451 1044 3512 multum
1059 3451 1098 3512 di-

55 3223 89 3277 35
