2588 4116
415 150 681 213 ruuuuttttctts
701 164 745 217 88·
758 164 802 217 89.
811 165 855 218 90.
1081 155 1143 216 295

134 303 248 363 Etenim
270 312 302 362 ut
322 304 433 363 nomine
450 305 573 381 Augusti
588 305 770 366 admonemur
790 309 851 368 eius
870 310 915 368 cui
935 310 1052 386 primum
1068 308 1143 370 dica-

135 398 192 448 tum
212 396 274 464 est,
295 388 333 447 ita
347 389 420 447 hacc
434 390 532 467 optimi
548 390 705 469 appellatio
721 409 871 470 numquam
884 394 1037 451 memoriae
1053 393 1143 451 homi·

134 488 200 530 num
216 472 276 530 sine
292 480 321 530 te
336 481 482 549 recurret,
504 476 695 552 quotiensque
715 477 824 553 posteri
839 478 929 535 nostri
945 478 1080 555 optimum
1094 475 1143 535 ali·

134 573 219 634 quem
239 572 345 616 vocare
367 565 522 634 cogentur,
549 560 654 618 totiens
678 559 904 618 recordabuntur
924 562 988 637 quis
1008 560 1144 619 meruerit

106 639 239 701 onocari.

198 720 310 794 Quanto
333 741 423 800 nunc,
447 724 513 783 dive
533 723 645 802 Nerva,
669 725 772 802 gaudio
794 725 915 803 frueris,
939 744 1004 785 cum
1017 726 1098 786 vides
1114 736 1194 800 et89

135 824 202 865 esse
219 809 354 883 optimum
371 818 400 867 et
418 807 473 866 dici
489 825 573 886 quem
589 819 726 887 tamquam
749 812 885 887 optimum
902 809 1032 886 elegisti!
1059 827 1142 888 quam

134 889 240 950 laetum
261 891 312 950 tibi
336 890 412 969 quod
432 902 613 969 comparatus
636 893 693 951 srlio
714 904 763 953 tuo
779 892 917 954 vinceris!
948 892 1051 971 Neque
1067 896 1142 953 enim

133 973 189 1033 alio
204 976 294 1050 magis
311 974 484 1051 adprobatur
497 978 580 1035 animi
595 977 634 1036 tui
653 975 815 1053 magnitudo
829 994 911 1055 quam
927 977 1003 1055 quod
1019 979 1142 1054 optimus

94 1060 198 1136 tuipse
215 1075 272 1117 non
286 1060 402 1118 timuisti
417 1057 528 1135 eligere
543 1059 699 1119 meliorem.
729 1060 787 1119 Sed
802 1071 831 1120 et
846 1070 891 1136 tu,
912 1069 996 1139 pater
1011 1060 1140 1136 Traiane,

134 1143 213 1220 (nam
234 1150 264 1201 tu
288 1159 420 1220 quoque,
445 1145 470 1202 si
491 1161 547 1202 non
570 1144 679 1219 sidera,
708 1145 861 1221 proximam
882 1152 975 1202 tamen
998 1144 1140 1209 sideribus

134 1226 247 1300 obtines
269 1225 384 1303 sedem)
407 1235 536 1304 quantam
558 1229 684 1305 percipis
706 1226 896 1306 voluptatem,
925 1245 988 1285 cum
1002 1226 1141 1287 illumtri·

133 1310 254 1386 bunum,
273 1308 353 1368 illum
364 1308 480 1370 militem
490 1321 584 1388 tuum,
601 1320 706 1371 tantum
719 1312 935 1389 imperatorem,
949 1319 1053 1369 tantum
1065 1312 1141 1387 prin·

134 1395 229 1471 cipam
252 1395 363 1470 cernis,
386 1411 507 1473 cumque
528 1412 564 1454 eo
586 1396 633 1472 qui
648 1394 791 1472 adoptavit
807 1396 977 1454 amicissime
992 1393 1141 1454 contendis

90 1487 123 1540 15
135 1476 283 1555 pulchrius
303 1477 388 1536 luerit
406 1480 543 1555 genuisse
569 1478 655 1539 talem
675 1497 709 1537 an
730 1477 871 1555 elegisse!
903 1477 999 1538 blacte
1020 1486 1141 1555 uterque

133 1562 242 1638 ingenti
258 1563 286 1620 in
300 1580 361 1621 rem
378 1562 520 1639 publicam
534 1563 652 1638 merito,
674 1565 719 1620 oui
736 1563 791 1621 hoc
812 1571 917 1622 tantum
936 1561 1003 1621 boni
1021 1559 1141 1621 contuli·

133 1644 199 1705 stis!
222 1644 302 1705 Licet
317 1646 397 1705 alteri
412 1658 539 1707 vestrum
554 1646 603 1707 lilii
621 1648 710 1708 virtus
725 1645 920 1725 triumphalia,
933 1644 1042 1706 caelum
1058 1645 1140 1705 alteri

134 1729 262 1806 dederit,
286 1747 342 1789 non
362 1732 453 1790 minor
472 1740 565 1791 tamen
586 1740 682 1791 vestra
701 1731 779 1809 laus,
807 1729 884 1808 quod
907 1732 961 1789 ista
981 1746 1035 1808 per
1055 1729 1141 1788 lilium

92 1825 96 1831 ·
134 1814 252 1891 quamsi
267 1815 322 1890 ipsi
334 1816 521 1873 meruissetis.

88 1906 125 1959 20
198 1896 284 1972 Scio,
301 1906 398 1975 patres
414 1897 585 1972 conscripti,
604 1913 667 1953 cum
685 1906 800 1955 ceteros
817 1897 895 1955 cives
909 1905 968 1954 tum
984 1893 1192 1974 praecipue90

135 1977 271 2038 consules
293 1987 428 2057 oportere
446 1981 489 2038 sic
510 1978 592 2037 adirci
612 1987 643 2036 ut
662 1997 695 2037 se
711 1979 829 2055 publice
844 1980 934 2054 magis
951 1996 1034 2055 quam
1048 1982 1140 2056 priva·

132 2064 183 2122 tim
198 2061 341 2138 obligatos
357 2070 464 2139 putent.
492 2060 529 2120 Ut
542 2062 616 2119 enim
630 2059 719 2120 malos
733 2062 879 2139 principes
893 2062 1001 2120 rectius
1017 2060 1141 2137 pulcbri·

133 2163 226 2222 usque
242 2155 287 2204 est
309 2163 348 2204 ex
368 2145 563 2204 communibus
583 2145 691 2203 iniuriis
712 2143 809 2204 odisse
830 2161 913 2221 quam
934 2144 1075 2222 propriis,
1103 2147 1142 2205 ita

133 2231 201 2290 boni
217 2231 379 2307 speciosius
391 2238 517 2288 amantur
532 2228 569 2287 ob
585 2245 618 2286 ea
633 2245 705 2305 quae
719 2229 820 2304 generi
832 2227 953 2286 lrumano
968 2243 1050 2305 quam
1068 2245 1140 2304 quae

88 2313 292 2375 25hcminibus
314 2322 469 2392 praestant.
502 2311 574 2385 Quia
595 2312 731 2371 tamenin
752 2310 987 2370 consuetudinem
1006 2312 1091 2369 vertit
1111 2321 1142 2371 ut

135 2396 287 2473 consules,
307 2397 421 2475 publica
441 2398 592 2473 gratiarum
612 2397 724 2454 actione
745 2394 872 2473 perlata,
894 2409 947 2453 suo
963 2410 1140 2472 quoqueno·

132 2482 207 2539 mine
225 2488 356 2557 quantum
372 2480 493 2540 debeant
507 2481 629 2560 principi
644 2468 845 2557 profiteantui',
863 2478 1013 2538 concedite
1028 2495 1073 2537 me
1084 2495 1143 2539 oon

133 2580 187 2641 pro
208 2580 253 2620 me
273 2564 363 2639 magis
384 2582 501 2623 munere
525 2567 580 2624 isto
602 2582 683 2642 quam
705 2581 757 2640 pro
781 2561 896 2639 collega
921 2579 986 2622 meo
1014 2559 1140 2622 Cornuto

135 2644 281 2721 Tertullo,
303 2646 459 2706 clarissimo
479 2649 557 2724 viro,
586 2648 674 2724 fungi.
702 2646 760 2708 Gur
774 2650 848 2706 enim
862 2664 918 2706 non
935 2664 989 2725 pro
1003 2645 1054 2705 illo
1071 2663 1140 2723 quo·

90 2739 127 2792 30
137 2748 194 2808 que
209 2732 314 2807 gratias
327 2747 424 2805 agam,
440 2749 493 2809 pro
508 2748 565 2808 quo
581 2748 637 2790 non
650 2732 742 2790 minus
755 2728 872 2791 debeo?
893 2731 1061 2809 praesertim
1079 2748 1142 2789 cum

134 2813 394 2890 indulgentissimus
413 2815 565 2892 imperator
584 2815 612 2872 in
633 2814 785 2874 concordia
805 2824 902 2875 nostra
917 2833 952 2875 ea
967 2815 1141 2894 praestiterit

135 2898 273 2957 ambobus
293 2914 366 2975 quae
385 2898 410 2957 si
425 2907 530 2956 tantum
545 2899 572 2956 in
587 2896 705 2958 alterurn
720 2899 907 2975 contulisset,
930 2899 1029 2957 ambos
1047 2906 1141 2958 tamen

136 2980 292 3059 aequaliter
312 2980 480 3057 obligasset.
507 2981 663 3060 Utrumque
678 2992 806 3041 nostrum
820 2980 869 3039 ille
886 2981 983 3058 optimi
1003 2982 1141 3058 cuiusque

136 3065 273 3144 spoliator
288 3074 317 3124 et
334 3064 461 3125 carnifex
476 3067 618 3141 stragibus
636 3067 789 3125 amicorum
804 3074 833 3124 et
848 3066 876 3123 in
894 3065 1051 3141 proximum
1066 3066 1141 3122 iacto

91 3148 252 3211 aafutmtne
268 3148 428 3208 adllaverat.
465 3147 561 3208 Isdem
582 3153 656 3208 enirn
673 3150 769 3208 amicis
791 3146 999 3224 gloriabamur,
1023 3144 1142 3205 eosdem

135 3234 256 3292 amissos
271 3232 455 3309 lugebamus,
477 3250 511 3291 ac
526 3235 600 3293 sicut
615 3251 697 3291 maroc
714 3249 783 3309 spes
801 3230 1008 3307 gaudiumque,
1025 3230 1063 3289 ita
1075 3238 1143 3290 tunc

137 3318 294 3375 communis
309 3316 391 3375 nobis
407 3315 531 3375 doloret
546 3326 637 3376 metus
654 3323 723 3374 erat.
756 3312 898 3374 Habuerat
912 3312 987 3372 hunc
1005 3312 1143 3373 honorem

135 3400 271 3477 periculis
293 3400 398 3459 nostris
419 3398 501 3458 divus
526 3397 621 3458 Nerva
642 3407 673 3457 ut
694 3415 764 3475 nos,
792 3400 846 3457 etsi
867 3399 958 3458 minus
984 3406 1016 3456 ut
1038 3398 1141 3474 bonos,
