2588 4116
393 218 655 280 EPISTULARUM
666 219 714 279 Vl.
732 228 773 280 14.
788 230 830 280 15.
845 228 885 280 16.
1084 217 1144 281 117

138 374 200 430 eius
213 371 383 447 scriptorum
398 380 507 429 tuorum
519 372 671 431 aeternitas
687 370 779 429 addet.
801 368 941 447 Equidem
959 370 1059 431 beatos
1073 380 1168 449 put03

138 453 242 532 quibus
255 453 370 512 deorum
382 471 498 512 munere
511 453 603 512 datum
621 462 665 512 est
683 463 730 512 aut
742 453 837 512 iacere
849 453 999 512 scribenda
1013 463 1060 513 aut
1072 457 1141 515 scri-

137 537 210 596 bere
229 534 367 613 legenda,
389 536 566 595 beatissimos
584 554 655 594 vero
678 536 779 615 quibus
801 545 960 614 utrumque.
991 536 1098 596 Horum
1114 540 1142 597 in

137 635 255 680 numero
272 618 427 679 avunculus
445 637 526 678 meus
545 628 575 678 et
592 622 650 678 suis
662 618 742 679 libris
763 627 792 678 et
808 621 863 678 tuis
879 622 941 679 erit.
974 619 1037 693 Quo
1051 620 1141 680 iiben-

112 707 194 770 5tius
206 704 350 780 suscipio,
366 702 495 781 deposco
511 704 596 761 etiam
613 705 688 781 quod
706 704 836 779 iniungis.
868 702 936 762 Erat
953 702 1054 764 Miseni
1070 704 1169 765 clas-4

140 804 258 864 samque
277 787 396 864 imperio
415 803 552 862 praesens
569 786 699 862 regebat.
728 783 840 844 Nonum
858 784 920 845 Kal.
942 786 1140 864 Septembres,

138 871 208 929 hora
224 869 286 928 iere
300 871 437 947 septima,
456 880 545 929 mater
560 887 623 928 mea
637 869 739 927 indicat
752 870 778 926 ei
789 887 928 947 apparere
941 870 1044 929 nubem
1056 872 1141 929 inusi-

138 963 194 1012 tata
209 963 238 1012 et
249 953 437 1028 magnitudine
455 962 484 1012 et
497 954 606 1031 specie.
637 952 712 1013 Usus
729 952 779 1011 ille
791 953 865 1028 sole,
883 969 949 1011 mox
964 953 1075 1029 frigida,
1089 964 1166 1030 guo

139 1046 262 1097 staverat
276 1039 373 1096 iacens
384 1035 588 1113 studebatque:
608 1038 702 1114 poscit
719 1035 832 1112 soleas,
855 1037 984 1096 ascendit
997 1036 1092 1095 locum
1105 1056 1142 1096 ex

92 1127 129 1179 lo
139 1137 196 1198 quo
207 1121 325 1179 maxime
339 1118 502 1179 miraculum
516 1118 585 1178 iliud
598 1120 726 1197 conspici
738 1128 857 1195 poterat.
880 1117 991 1196 Nubes,
1002 1122 1141 1180 incertum

137 1203 240 1282 procul
254 1203 425 1262 intuentibus
443 1221 479 1263 ex
493 1221 549 1281 quo
569 1212 662 1262 monte
681 1202 851 1280 (Vesuvium
868 1202 957 1262 fuisse
974 1213 1076 1280 postea
1092 1222 1140 1263 co·
1239 1271 1243 1279 ,

137 1288 244 1363 gnitum
256 1285 335 1362 est),
354 1286 514 1362 oriebatur,
530 1287 609 1344 cuius
622 1284 830 1344 similitudinem
847 1294 876 1344 et
887 1285 1003 1345 formam
1020 1286 1140 1346 nonalia

136 1371 226 1446 magis
245 1368 331 1428 arbor
355 1386 436 1446 quam
460 1371 542 1447 pinus
564 1371 748 1445 expresserit.
782 1367 852 1427 Nam
872 1367 1039 1445 longissimo
1061 1370 1166 1429 velutd

136 1461 237 1512 trunco
255 1451 328 1512 elata
345 1454 373 1511 in
391 1452 476 1510 altum
496 1452 662 1531 quibusdam
684 1453 768 1512 ramis
791 1450 1013 1527 diffundebatur,
1039 1451 1137 1527 credo,

92 1549 127 1599 15
139 1539 202 1615 quia
223 1539 332 1596 recenti
353 1537 452 1613 spiritu
475 1546 592 1612 evecta,
615 1535 679 1594 dein
695 1543 868 1595 senescente
891 1553 927 1594 eo
941 1535 1075 1594 destituta
1092 1546 1140 1595 aut

138 1621 221 1679 etiam
238 1618 366 1697 pondere
388 1635 439 1679 suo
459 1621 535 1695 victa
560 1621 588 1678 in
611 1619 785 1679 latitudinem
808 1620 993 1678 vanescebat:
1022 1619 1140 1679 candida

136 1702 290 1780 interdum,
314 1703 452 1762 interdum
471 1703 584 1771 sordida
605 1714 634 1764 et
649 1702 804 1779 maculosa,
828 1712 913 1781 prout
936 1711 1037 1762 terram
1061 1705 1137 1761 cine-

136 1804 232 1845 remve
250 1786 411 1847 sustulerat.
439 1785 571 1863 Magnum
592 1790 766 1866 propiusque
781 1787 973 1862 noscendum,
995 1794 1026 1846 ut
1045 1786 1163 1850 erudi-i

135 1871 334 1946 tissimoviro,
357 1871 456 1929 risum.
489 1871 571 1929 Iubet
582 1869 756 1929 Liburnicum
769 1873 870 1948 aptari:
895 1871 979 1946 mihi,
1003 1872 1028 1930 si
1039 1872 1139 1929 venire

89 1958 127 2011 20
137 1970 190 2011 una
204 1950 324 2026 vellem,
344 1951 411 2011 iacit
427 1955 552 2028 copiam:
568 1954 702 2031 respondi
720 1953 834 2013 studere
846 1972 891 2013 me
904 1953 1002 2029 malle,
1022 1963 1051 2012 et
1063 1953 1137 2013 forte

135 2039 200 2112 ipse
213 2033 289 2111 quod
301 2033 457 2092 scriberem
470 2033 594 2094 dederat.
624 2034 833 2110 Egrediebatur
852 2035 949 2094 domo:
973 2039 1076 2113 accipit
1089 2046 1164 2098 (ιο-8

136 2114 251 2175 dioillos
266 2114 402 2173 Rectinae
414 2113 497 2174 Tasci
512 2118 653 2174 inminenti
665 2116 794 2193 periculo
809 2120 961 2176 exterritae
983 2118 1060 2195 (nam
1071 2118 1138 2177 villa

136 2201 197 2258 eius
210 2197 386 2274 subiacebat,
403 2216 457 2257 nec
471 2198 528 2257 ulia
547 2201 598 2257 nisi
611 2199 728 2258 navibus
743 2199 841 2275 iuga):
859 2210 889 2259 ut
902 2219 934 2258 se
949 2209 1026 2258 tanto
1038 2199 1137 2260 discri-

135 2284 200 2341 mini
219 2283 344 2360 eriperet
366 2281 471 2341 orabat.
505 2281 595 2341 Vertit
619 2281 667 2342 ille
689 2282 836 2341 consilium
859 2292 888 2341 et
911 2283 985 2361 quod
1008 2282 1163 2347 studios09

90 2376 124 2427 25
134 2368 225 2425 animo
239 2364 421 2424 inchoaverat
439 2367 498 2425 obit
511 2368 641 2424 maximo.
674 2365 797 2426 Deducit
809 2366 1018 2443 quadriremes,
1037 2384 1137 2426 ascen·

136 2450 174 2507 dit
197 2452 271 2526 ipse,
295 2466 351 2506 non
366 2448 504 2509 Rectinae
520 2449 605 2509 modo
624 2449 677 2510 sed
693 2449 786 2511 multis
806 2451 883 2528 (erat
903 2451 977 2509 enim
1000 2449 1136 2527 frequens

135 2535 289 2592 amoenitas
308 2532 390 2610 orae)
409 2532 516 2594 laturus
532 2534 671 2593 auxilium.
705 2532 842 2611 Properat
854 2534 922 2593 illuc
935 2533 1009 2593 unde
1024 2533 1070 2591 alii
1093 2533 1180 2598 fu·10

135 2620 229 2692 giunt,
249 2626 416 2694 rectumque
431 2635 560 2694 cursum,
578 2627 657 2678 recta
673 2617 865 2694 gubernacula
883 2619 909 2677 in
923 2618 1080 2696 periculum
1094 2628 1136 2677 te·

134 2709 193 2776 net,
207 2699 279 2757 adeo
291 2698 401 2758 solutus
416 2710 493 2759 metu
508 2711 538 2761 ut
555 2705 643 2760 omnis
662 2701 736 2760 illius
753 2700 816 2761 mali
830 2711 940 2779 motus,
963 2704 1052 2761 omnis
1065 2703 1135 2779 figu-

89 2797 196 2858 30ras,
212 2790 243 2840 ut
259 2782 448 2860 deprenderat
462 2785 572 2860 oculis,
591 2785 709 2845 dictaret
729 2795 923 2864 enotaretque.
948 2785 1005 2843 lam
1018 2786 1134 2845 navibus
1144 2797 1177 2848 11

135 2868 206 2924 cinis
222 2866 381 2942 incidebat,
409 2883 465 2944 quo
487 2871 604 2946 propius
620 2869 806 2946 accederent,
831 2868 948 2929 calidior
962 2877 991 2928 et
1009 2869 1133 2945 densior,

133 2952 187 3008 iarn
204 2951 333 3027 pumices
353 2951 436 3009 etiam
451 2953 579 3030 nigrique
597 2959 626 3010 et
640 2952 758 3013 ambusti
773 2963 801 3012 et
820 2953 901 3014 iracti
923 2955 990 3029 igne
1014 2952 1134 3029 lapides,

133 3035 186 3091 iam
207 3033 307 3092 vadum
324 3033 446 3092 subitum
466 3036 602 3113 ruinaque
624 3038 726 3096 montis
744 3036 824 3096 litora
841 3037 988 3095 obstantia.
1013 3033 1135 3094 Cuncta-

132 3125 179 3175 tus
194 3115 306 3192 paulum
322 3135 357 3174 an
373 3125 450 3175 retro
468 3116 615 3194 flecteret,
637 3137 704 3178 mox
726 3120 907 3196 gdbematori
927 3128 958 3185 ut
970 3121 1008 3177 ita
1025 3117 1135 3176 iaceret

89 3201 257 3259 dimananti
282 3201 398 3259 ‘fortes'
422 3201 519 3279 inquid
540 3201 664 3261 ‘fortuna
686 3204 776 3261 iuvat:
804 3201 1022 3278 Pomponianum
1041 3205 1133 3277 pete?

132 3283 236 3342 Stabiis
259 3293 336 3357 erat,
361 3276 598 3362 diremptus'sinu
620 3284 727 3352 medio;
753 3301 815 3342 nam
833 3284 939 3342 sensim
957 3284 1133 3344 circumactis
1144 3295 1177 3346 12

133 3368 314 3444 curuatisque
331 3366 459 3425 litoribus
475 3385 551 3427 mara
569 3367 728 3426 infunditur.
753 3365 812 3439 lbi,
832 3383 998 3444 quamquam
1012 3367 1135 3426 nondum

131 3449 262 3528 periculo
273 3449 532 3530 adpropinquante,
557 3452 713 3529 conspicuo
730 3458 839 3526 tamen,
852 3458 882 3509 et
900 3467 963 3507 cum
975 3461 1133 3530 cresceret,
