2588 4116
532 228 769 278 PRAEFATIO.
1146 247 1174 283 xl

105 395 198 452 genere
207 380 333 444 universo,
356 381 420 452 quod
431 389 469 435 est
479 381 509 436 de
520 383 673 453 singulorum
683 383 855 438 vocabulorum
865 386 996 455 scriptura,
1014 390 1128 458 quoniam
1137 391 1176 447 di·

103 480 199 518 versam
210 479 224 518 a
234 463 329 534 vulgari
340 465 431 518 ratione
442 480 489 535 qua
499 480 565 520 nunc
581 465 678 534 plurimi
694 472 795 521 utuntur
811 467 921 539 regulam
940 469 1077 537 observavi,
1098 475 1174 530 satius

105 548 165 602 duxi
193 547 412 618 antiquissimomm
438 548 590 603 librariorum
624 549 824 604 consuetudinem
852 553 921 621 sequi
947 568 1019 622 quam
1040 558 1172 613 recentium

105 633 321 702 grammaticomm
333 631 483 702 diligentiam
494 639 519 685 et
529 647 628 701 pravum
639 633 788 687 constantiae
801 634 906 689 studium
917 635 1018 699 imitari,
1041 653 1069 692 eo
1092 647 1172 696 11111011

107 720 297 784 temperamento
309 714 414 770 adhibito
426 721 454 770 ut
463 717 552 770 rariora
562 716 608 770 nisi
625 717 790 771 consentiente
799 716 908 772 Mediceo
926 723 951 772 ct
963 718 1076 776 Vaticano
1089 724 1173 780 codice

106 814 156 853 non
166 799 326 854 admitterem.
348 804 470 867 praeterea
480 800 505 853 in
516 799 669 867 disponendis
679 801 787 869 epistulis
800 799 901 856 Medicei
911 802 1003 858 codicis
1014 805 1122 860 ordinem
1132 823 1171 862 se·

107 889 177 936 cutus
188 898 256 938 sum:
271 897 318 952 quo
333 882 424 936 lactum
434 888 509 937 estut
520 884 544 936 in
555 883 637 952 quinto
649 884 717 948 libro,
730 899 787 939 cum
797 884 945 953 perturbatio
957 901 971 939 e
981 888 1118 944 recentibus
1130 906 1172 945 eo·

106 966 199 1020 dicibus
210 972 343 1036 propagata
353 981 385 1020 ne
395 965 425 1020 ab
436 966 496 1021 Aldo
508 966 618 1036 quidem,
641 968 682 1038 qui
699 982 790 1022 nonum
806 968 894 1023 librum
905 970 997 1039 primus
1007 971 1032 1025 in
1042 974 1171 1042 pristinum

105 1050 215 1104 ordinem
226 1050 338 1114 restituit
350 1050 443 1105 sublata
454 1055 524 1113 esset,
537 1065 551 1103 a
562 1050 656 1121 vulgari
666 1067 766 1106 numero
777 1052 938 1107 recedendum
950 1060 1021 1109 esset.
1043 1072 1119 1112 unum
1129 1059 1171 1113 ad-

106 1133 212 1187 dendum
225 1140 262 1188 cst
275 1133 306 1187 dc
316 1133 454 1188 nominibus
466 1148 550 1188 eorum
561 1133 657 1205 adquos
668 1136 784 1204 epistulae
794 1137 898 1204 scriptae
908 1143 972 1192 suut.
984 1137 1009 1192 iu
1020 1139 1170 1208 quibuscum

105 1223 131 1270 et
146 1223 202 1272 octo
213 1224 239 1271 ct
248 1231 335 1271 novem
346 1217 461 1273 librorum
472 1217 617 1286 exemplaria
625 1218 766 1288 plemmque
776 1220 827 1273 sola
837 1221 996 1289 cognomina,
1009 1237 1062 1277 raro
1073 1225 1170 1279 uomina

106 1300 249 1364 exhibeant,
270 1300 349 1353 solum
360 1306 458 1354 centum
469 1299 625 1369 epistulamm
636 1300 757 1369 exemplar
767 1307 867 1370 utraque
877 1303 987 1358 serravit.
1013 1304 1094 1374 itaque
1105 1308 1130 1360 in
1141 1309 1170 1362 iis

104 1383 216 1452 epistulis
225 1383 251 1436 in
261 1382 347 1452 quibus
356 1389 485 1454 utrumque
495 1396 585 1436 nomeu
595 1389 636 1436 aut
645 1383 811 1438 quloreutiuo
822 1383 906 1437 codice
916 1385 1032 1453 scriptum
1043 1391 1171 1443 1111101111-

103 1467 163 1522 dice
172 1465 329 1521 Riccardiano
341 1465 481 1521 adnotatum
492 1465 579 1531 iuveni,
594 1467 701 1530 restitui;
719 1467 761 1521 ubi
773 1467 910 1522 coniectma
921 1469 1096 1539 assequendum
1110 1482 1169 1535 erat,

106 1565 253 1621 quamquam
271 1549 375 1605 Plinium
385 1550 434 1606 duo
443 1550 540 1605 nomina
549 1550 638 1622 ubique
654 1552 763 1620 posuisse
773 1550 888 1616 arbitror,
912 1559 1036 1621 propterea
1058 1555 1123 1625 quod
1145 1557 1170 1610 in

103 1633 219 1688 omnibus
229 1650 278 1688 non
289 1635 371 1704 potui,
392 1641 476 1689 contra
487 1633 599 1689 codicum
609 1633 681 1690 fldem
692 1650 808 1705 reponere
816 1636 891 1690 uolui.
914 1637 953 1690 cui
978 1637 1075 1707 quidem
1096 1639 1170 1694 detri-

107 1723 188 1772 mento
199 1718 279 1772 indice
288 1719 413 1773 nominum
423 1718 546 1782 subiecto,
564 1719 668 1774 simodo
679 1726 744 1774 certa
755 1720 789 1774 rei
800 1719 888 1774 indicia
898 1726 966 1773 erant
977 1723 1045 1788 (nam
1056 1723 1169 1792 probabi·

107 1802 199 1858 itatem
210 1817 242 1856 ne
252 1803 277 1856 iu
287 1802 328 1856 iilo
340 1803 436 1874 quidem
447 1801 619 1874 sequimini),
641 1804 774 1858 remedium
784 1810 893 1872 paratum
904 1811 948 1858 cst.

172 1885 285 1956 Longum
295 1891 332 1940 est
342 1892 366 1941 et
377 1886 406 1941 ab
415 1885 487 1941 huius
496 1886 607 1941 editionis
618 1887 717 1942 consilio
729 1887 833 1942 alienum
846 1887 903 1957 quid
916 1903 929 1943 a
939 1887 1059 1957 prioribus
1070 1890 1168 1946 editori·

106 1968 152 2023 bus
163 1970 305 2039 praestitum
314 1971 347 2025 sit
356 1985 490 2026 recensere.
523 1971 617 2040 itaque,
628 1977 656 2024 ut
666 1985 786 2025 summam
796 1972 832 2024 rei
843 1971 935 2035 dicam,
947 1968 1005 2025 111111
1016 1979 1040 2024 01
1052 1971 1167 2029 Catcnoet

107 2052 226 2106 editiones
237 2051 306 2118 (nam
317 2052 347 2105 de
357 2052 530 2122 antiquioribus
539 2067 612 2119 supra
623 2054 714 2108 dictum
724 2055 774 2121 est)
785 2055 873 2122 partim
884 2055 993 2124 integrae
1002 2056 1089 2123 partim
1100 2057 1168 2112 ideu-

105 2135 183 2188 tidem
194 2139 301 2187 mutatae
311 2138 380 2186 sexto
391 2134 485 2187 decimo
495 2133 591 2187 saeculo
602 2149 616 2186 a
626 2135 707 2188 multis
718 2137 833 2204 repetitae
843 2141 907 2190 sunt.
941 2139 1066 2207 egregiam
1087 2147 1168 2194 autem

107 2231 208 2288 operam
218 2216 267 2270 hoc
274 2221 383 2286 tempore
393 2215 470 2270 Plinio
481 2215 600 2285 praestitit
610 2213 709 2270 11001111
719 2215 889 2279 Gesacum,
912 2219 980 2271 errius
991 2220 1169 2275 emendationes

106 2304 132 2356 in
141 2299 244 2356 Henrict'
249 2297 366 2371 Stephani
375 2299 479 2355 editione
492 2299 566 2354 altera
576 2313 638 2352 anuo
648 2299 713 2355 1691
726 2299 790 2353 lacta
800 2299 904 2368 primum
914 2299 992 2352 editae
1002 2307 1065 2353 sunt.
1084 2302 1169 2357 deinde

106 2383 182 2440 11111111
192 2383 316 2448 Cutem,
328 2387 368 2455 qui
379 2400 441 2438 anno
454 2386 519 2439 1611
532 2383 636 2439 Plinium
647 2383 721 2437 edidit
732 2390 757 2437 et
766 2381 874 2437 Palatino
885 2381 970 2437 codice
980 2382 1010 2436 ad
1021 2383 1169 2439 emendatio·

106 2483 163 2523 uem
174 2467 279 2524 adhibito
291 2469 440 2540 pluraquam
451 2467 654 2536 prioresuoravit
667 2467 795 2521 maximam
806 2466 869 2536 apud
879 2468 989 2536 posteros
1001 2469 1168 2522 auctoritatem

106 2559 193 2606 nactus
209 2559 254 2608 est.
279 2567 339 2609 eam
350 2553 414 2607 enim
425 2551 582 2607 editioncmii
596 2551 637 2622 qui
647 2558 730 2619 postea
744 2550 848 2606 Plinium
859 2550 998 2615 ediderunt,
1020 2541 1165 2616 8011101111,

108 2635 220 2700 divinus,
237 2635 382 2701 1101111111,
393 2635 517 2699 Callatim,
528 2636 575 2699 alii,
587 2634 620 2690 ita
631 2635 709 2690 secuti
718 2641 782 2700 srmt,
793 2641 821 2688 ut
828 2633 1166 2707 Gmteriexemplotamquam

106 2719 263 2775 fundamento
279 2721 411 2790 scripturae
426 2721 464 2774 usi
479 2735 556 2789 pauca
572 2720 611 2774 vel
623 2721 760 2775 coniectum
775 2719 814 2773 vel
829 2719 859 2773 de
876 2719 999 2774 codicibus
1016 2726 1041 2773 et
1051 2720 1166 2789 exemplis

107 2811 163 2857 ante
187 2804 309 2873 impressis
329 2810 457 2859 mutarent.
486 2803 635 2858 emendando
650 2809 731 2858 autem
742 2809 837 2858 ceteros
846 2803 974 2873 superabat
984 2800 1018 2856 10.
1029 2801 1167 2858 Fruatur

108 2886 250 2953 Gronovius,
263 2889 331 2943 cuius
342 2887 508 2943 adnotationes
518 2888 542 2942 in
554 2887 658 2941 editione
669 2886 796 2941 Veeuhusii
808 2890 946 2944 1111101669
958 2887 1062 2942 exhibita
1073 2887 1167 2956 prodie-

107 2977 172 3026 runt.
188 2987 272 3027 vemm
279 2979 304 3026 et
313 2972 378 3026 huuc
388 2978 413 3025 et
423 2971 528 3042 reliquos
539 2986 622 3026 omnes
632 2986 681 3025 non
691 2971 811 3026 intellecta
821 2969 937 3026 libromm
948 2971 1100 3041 interpolatio
1111 2985 1165 3039 pro·

106 3055 186 3109 hibuit
196 3071 244 3126 quo
255 3056 334 3110 minus
346 3055 446 3109 feliciter
460 3055 531 3109 inhis
547 3054 655 3124 epistulis
664 3061 821 3109 versarentur.
833 3069 896 3109 unus
901 3053 996 3109 Cottius
1007 3055 1063 3124 quid
1073 3069 1112 3107 res
1122 3066 1167 3121 po·

105 3139 208 3193 stularet
218 3140 339 3210 perspexit
350 3145 375 3193 et
384 3138 475 3193 idoneis
492 3138 604 3194 subsidiis
620 3139 752 3193 instmctus
767 3153 855 3193 novam
871 3139 1036 3192 recensionem
1053 3135 1166 3203 suscepit.

106 3223 172 3276 edita
184 3231 265 3278 autem
276 3229 313 3278 est
323 3223 375 3277 eius
392 3223 465 3277 editio
476 3229 532 3293 post
547 3229 650 3277 mortem
661 3221 737 3277 Curtii
754 3221 784 3276 ab
797 3221 917 3291 longolio
934 3234 995 3273 auno
1016 3220 1091 3275 1734.
1123 3217 1167 3272 sed

108 3321 166 3360 cum
176 3305 277 3362 Medicei
287 3306 377 3361 codicis
386 3305 494 3360 bonitate
503 3312 586 3375 captus
596 3306 662 3360 hunc
677 3320 753 3360 unum
768 3304 952 3374 integerrimum
967 3300 1098 3371 scripturae
1114 3301 1168 3354 lon·

106 3395 159 3443 tem
169 3389 258 3462 ubique
268 3396 415 3461 sequeretur,
426 3389 478 3444 fieri
489 3404 537 3443 non
547 3389 626 3458 potuit
636 3389 694 3459 quin
705 3388 781 3442 multa
791 3401 852 3456 quae
862 3386 887 3439 iu
898 3385 939 3439 illo
950 3385 1092 3455 iuterpolata
1101 3391 1167 3445 sunt,

107 3487 165 3528 cum
186 3488 217 3528 ex
233 3474 285 3529 aliis
302 3473 426 3530 codicibus
443 3471 570 3527 emendare
585 3477 683 3542 posset,
705 3476 833 3540 repeteret.
876 3468 953 3523 multo
974 3475 1056 3523 tamen
1076 3467 1169 3524 rectius
