<?xml version="1.0" encoding="UTF-8"?>
<!DOCTYPE html PUBLIC "-//W3C//DTD XHTML 1.0 Transitional//EN"
    "http://www.w3.org/TR/xhtml1/DTD/xhtml1-transitional.dtd">
<html xmlns="http://www.w3.org/1999/xhtml" xml:lang="en" lang="en">
 <head>
  <title>
</title>
<meta http-equiv="Content-Type" content="text/html;charset=utf-8" />
  <meta name='ocr-system' content='tesseract 3.04.00' />
  <meta name='ocr-capabilities' content='ocr_page ocr_carea ocr_par ocr_line ocrx_word'/>
</head>
<body>
  <div class='ocr_page' id='page_1' title='image "./cplinicaccilise00plingoog_0278.png"; bbox 0 0 2588 4116; ppageno 0'>
   <div class='ocr_carea' id='block_1_1' title="bbox 426 261 1147 332">
    <p class='ocr_par' dir='ltr' id='par_1_1' title="bbox 426 261 1147 332">
     <span class='ocr_line' id='line_1_1' title="bbox 426 261 1147 332; baseline 0.01 -8"><span class='ocrx_word' id='word_1_1' title='bbox 426 261 694 324; x_wconf 82' lang='lat' dir='ltr'><strong>PANEGYRICUS</strong></span> <span class='ocrx_word' id='word_1_2' title='bbox 712 274 860 328; x_wconf 57' lang='lat' dir='ltr'><strong>diabli·</strong></span> <span class='ocrx_word' id='word_1_3' title='bbox 1083 266 1147 332; x_wconf 71' lang='lat'><strong>267</strong></span> 
     </span>
    </p>
   </div>
   <div class='ocr_carea' id='block_1_2' title="bbox 105 417 1197 828">
    <p class='ocr_par' dir='ltr' id='par_1_2' title="bbox 105 417 1197 828">
     <span class='ocr_line' id='line_1_2' title="bbox 137 417 1145 494; baseline 0.006 -20"><span class='ocrx_word' id='word_1_4' title='bbox 137 424 203 475; x_wconf 90' lang='lat' dir='ltr'><strong>ante</strong></span> <span class='ocrx_word' id='word_1_5' title='bbox 218 424 265 491; x_wconf 88' lang='lat' dir='ltr'><strong>te,</strong></span> <span class='ocrx_word' id='word_1_6' title='bbox 282 433 381 492; x_wconf 90' lang='lat' dir='ltr'><strong>magna</strong></span> <span class='ocrx_word' id='word_1_7' title='bbox 396 427 463 493; x_wconf 89' lang='lat' dir='ltr'><strong>post</strong></span> <span class='ocrx_word' id='word_1_8' title='bbox 482 426 528 494; x_wconf 88' lang='lat' dir='ltr'><strong>te,</strong></span> <span class='ocrx_word' id='word_1_9' title='bbox 546 419 621 475; x_wconf 89' lang='lat' dir='ltr'><strong>iuxta</strong></span> <span class='ocrx_word' id='word_1_10' title='bbox 636 424 664 475; x_wconf 92' lang='lat' dir='ltr'><strong>te</strong></span> <span class='ocrx_word' id='word_1_11' title='bbox 679 424 771 475; x_wconf 87' lang='lat' dir='ltr'><strong>tamen</strong></span> <span class='ocrx_word' id='word_1_12' title='bbox 786 417 902 473; x_wconf 89' lang='lat' dir='ltr'><strong>maxima</strong></span> <span class='ocrx_word' id='word_1_13' title='bbox 918 418 1014 492; x_wconf 89' lang='lat' dir='ltr'><strong>quies:</strong></span> <span class='ocrx_word' id='word_1_14' title='bbox 1041 428 1145 479; x_wconf 92' lang='lat' dir='ltr'><strong>tantum</strong></span> 
     </span>
     <span class='ocr_line' id='line_1_3' title="bbox 138 497 1144 578; baseline 0.006 -22"><span class='ocrx_word' id='word_1_15' title='bbox 138 499 244 577; x_wconf 92' lang='lat' dir='ltr'><strong>ubique</strong></span> <span class='ocrx_word' id='word_1_16' title='bbox 262 497 421 576; x_wconf 89' lang='lat' dir='ltr'><strong>silentium,</strong></span> <span class='ocrx_word' id='word_1_17' title='bbox 444 509 498 559; x_wconf 89' lang='lat' dir='ltr'><strong>tam</strong></span> <span class='ocrx_word' id='word_1_18' title='bbox 513 499 586 559; x_wconf 91' lang='lat' dir='ltr'><strong>altus</strong></span> <span class='ocrx_word' id='word_1_19' title='bbox 601 499 694 578; x_wconf 94' lang='lat' dir='ltr'><strong>pudor</strong></span> <span class='ocrx_word' id='word_1_20' title='bbox 708 508 737 559; x_wconf 93' lang='lat' dir='ltr'><strong>ut</strong></span> <span class='ocrx_word' id='word_1_21' title='bbox 752 499 787 558; x_wconf 95' lang='lat' dir='ltr'><strong>ad</strong></span> <span class='ocrx_word' id='word_1_22' title='bbox 806 516 910 577; x_wconf 83' lang='lat' dir='ltr'><strong>parvos</strong></span> <span class='ocrx_word' id='word_1_23' title='bbox 925 509 1045 577; x_wconf 89' lang='lat' dir='ltr'><strong>penates</strong></span> <span class='ocrx_word' id='word_1_24' title='bbox 1060 512 1090 560; x_wconf 92' lang='lat' dir='ltr'><strong>et</strong></span> <span class='ocrx_word' id='word_1_25' title='bbox 1105 503 1144 562; x_wconf 91' lang='lat' dir='ltr'><strong>la·</strong></span> 
     </span>
     <span class='ocr_line' id='line_1_4' title="bbox 136 581 1144 661; baseline 0.005 -22"><span class='ocrx_word' id='word_1_26' title='bbox 136 600 199 640; x_wconf 89' lang='lat' dir='ltr'><strong>rem</strong></span> <span class='ocrx_word' id='word_1_27' title='bbox 221 591 370 659; x_wconf 86' lang='lat' dir='ltr'><strong>angustum</strong></span> <span class='ocrx_word' id='word_1_28' title='bbox 392 601 430 641; x_wconf 91' lang='lat' dir='ltr'><strong>ex</strong></span> <span class='ocrx_word' id='word_1_29' title='bbox 451 583 535 643; x_wconf 93' lang='lat' dir='ltr'><strong>domo</strong></span> <span class='ocrx_word' id='word_1_30' title='bbox 555 584 691 661; x_wconf 89' lang='lat' dir='ltr'><strong>principis</strong></span> <span class='ocrx_word' id='word_1_31' title='bbox 714 583 870 642; x_wconf 71' lang='lat' dir='ltr'><strong>modestiae</strong></span> <span class='ocrx_word' id='word_1_32' title='bbox 892 591 921 641; x_wconf 88' lang='lat' dir='ltr'><strong>et</strong></span> <span class='ocrx_word' id='word_1_33' title='bbox 935 581 1144 661; x_wconf 74' lang='lat' dir='ltr'><strong>tranquillitatis</strong></span> 
     </span>
     <span class='ocr_line' id='line_1_5' title="bbox 138 662 1197 744; baseline 0.001 -20"><span class='ocrx_word' id='word_1_34' title='bbox 138 663 270 744; x_wconf 87' lang='lat' dir='ltr'><strong>exempla</strong></span> <span class='ocrx_word' id='word_1_35' title='bbox 282 666 450 725; x_wconf 78' lang='lat' dir='ltr'><strong>referantur.</strong></span> <span class='ocrx_word' id='word_1_36' title='bbox 481 663 549 744; x_wconf 93' lang='lat' dir='ltr'><strong>lpse</strong></span> <span class='ocrx_word' id='word_1_37' title='bbox 567 676 705 727; x_wconf 87' lang='lat' dir='ltr'><strong>autemut</strong></span> <span class='ocrx_word' id='word_1_38' title='bbox 727 668 839 743; x_wconf 83' lang='lat' dir='ltr'><strong>excipis</strong></span> <span class='ocrx_word' id='word_1_39' title='bbox 862 665 974 725; x_wconf 88' lang='lat' dir='ltr'><strong>omncs!</strong></span> <span class='ocrx_word' id='word_1_40' title='bbox 1003 675 1034 724; x_wconf 94' lang='lat' dir='ltr'><strong>ut</strong></span> <span class='ocrx_word' id='word_1_41' title='bbox 1055 662 1197 744; x_wconf 82' lang='lat' dir='ltr'><strong>expe-48</strong></span> 
     </span>
     <span class='ocr_line' id='line_1_6' title="bbox 105 749 1145 828; baseline 0.004 -22"><span class='ocrx_word' id='word_1_42' title='bbox 105 749 215 808; x_wconf 67' lang='lat' dir='ltr'><strong>botas!</strong></span> <span class='ocrx_word' id='word_1_43' title='bbox 241 759 270 808; x_wconf 93' lang='lat' dir='ltr'><strong>ut</strong></span> <span class='ocrx_word' id='word_1_44' title='bbox 291 766 418 827; x_wconf 84' lang='lat' dir='ltr'><strong>magnam</strong></span> <span class='ocrx_word' id='word_1_45' title='bbox 435 759 544 828; x_wconf 88' lang='lat' dir='ltr'><strong>partem</strong></span> <span class='ocrx_word' id='word_1_46' title='bbox 561 750 669 810; x_wconf 93' lang='lat' dir='ltr'><strong>dierum</strong></span> <span class='ocrx_word' id='word_1_47' title='bbox 689 752 763 810; x_wconf 90' lang='lat' dir='ltr'><strong>inter</strong></span> <span class='ocrx_word' id='word_1_48' title='bbox 777 760 820 810; x_wconf 91' lang='lat' dir='ltr'><strong>tot</strong></span> <span class='ocrx_word' id='word_1_49' title='bbox 836 751 946 828; x_wconf 90' lang='lat' dir='ltr'><strong>imperii</strong></span> <span class='ocrx_word' id='word_1_50' title='bbox 964 766 1047 809; x_wconf 90' lang='lat' dir='ltr'><strong>curas</strong></span> <span class='ocrx_word' id='word_1_51' title='bbox 1064 752 1145 828; x_wconf 90' lang='lat' dir='ltr'><strong>quasi</strong></span> 
     </span>
    </p>
   </div>
   <div class='ocr_carea' id='block_1_3' title="bbox 90 833 1194 3579">
    <p class='ocr_par' dir='ltr' id='par_1_3' title="bbox 90 833 1194 3579">
     <span class='ocr_line' id='line_1_7' title="bbox 137 833 1145 913; baseline 0.002 -23"><span class='ocrx_word' id='word_1_52' title='bbox 137 851 191 910; x_wconf 89' lang='lat' dir='ltr'><strong>per</strong></span> <span class='ocrx_word' id='word_1_53' title='bbox 205 835 292 893; x_wconf 92' lang='lat' dir='ltr'><strong>otium</strong></span> <span class='ocrx_word' id='word_1_54' title='bbox 309 834 455 911; x_wconf 84' lang='lat' dir='ltr'><strong>transigis!</strong></span> <span class='ocrx_word' id='word_1_55' title='bbox 477 833 577 913; x_wconf 90' lang='lat' dir='ltr'><strong>ltaque</strong></span> <span class='ocrx_word' id='word_1_56' title='bbox 592 851 648 893; x_wconf 90' lang='lat' dir='ltr'><strong>non</strong></span> <span class='ocrx_word' id='word_1_57' title='bbox 663 833 710 893; x_wconf 92' lang='lat' dir='ltr'><strong>alii</strong></span> <span class='ocrx_word' id='word_1_58' title='bbox 726 843 755 893; x_wconf 89' lang='lat' dir='ltr'><strong>et</strong></span> <span class='ocrx_word' id='word_1_59' title='bbox 770 835 895 910; x_wconf 81' lang='lat' dir='ltr'><strong>attoniti,</strong></span> <span class='ocrx_word' id='word_1_60' title='bbox 912 852 967 893; x_wconf 89' lang='lat' dir='ltr'><strong>nec</strong></span> <span class='ocrx_word' id='word_1_61' title='bbox 985 841 1015 891; x_wconf 92' lang='lat' dir='ltr'><strong>ut</strong></span> <span class='ocrx_word' id='word_1_62' title='bbox 1029 836 1145 911; x_wconf 89' lang='lat' dir='ltr'><strong>pericu·</strong></span> 
     </span>
     <span class='ocr_line' id='line_1_8' title="bbox 137 915 1144 995; baseline 0.001 -21"><span class='ocrx_word' id='word_1_63' title='bbox 137 915 194 974; x_wconf 89' lang='lat' dir='ltr'><strong>lum</strong></span> <span class='ocrx_word' id='word_1_64' title='bbox 210 919 310 995; x_wconf 90' lang='lat' dir='ltr'><strong>capitis</strong></span> <span class='ocrx_word' id='word_1_65' title='bbox 326 916 426 977; x_wconf 92' lang='lat' dir='ltr'><strong>adituri</strong></span> <span class='ocrx_word' id='word_1_66' title='bbox 441 917 587 995; x_wconf 80' lang='lat' dir='ltr'><strong>tarditate,</strong></span> <span class='ocrx_word' id='word_1_67' title='bbox 616 917 668 977; x_wconf 92' lang='lat' dir='ltr'><strong>sed</strong></span> <span class='ocrx_word' id='word_1_68' title='bbox 683 920 778 978; x_wconf 91' lang='lat' dir='ltr'><strong>securi</strong></span> <span class='ocrx_word' id='word_1_69' title='bbox 794 926 823 977; x_wconf 90' lang='lat' dir='ltr'><strong>et</strong></span> <span class='ocrx_word' id='word_1_70' title='bbox 835 916 956 991; x_wconf 83' lang='lat' dir='ltr'><strong>hilares,</strong></span> <span class='ocrx_word' id='word_1_71' title='bbox 986 934 1049 976; x_wconf 91' lang='lat' dir='ltr'><strong>cum</strong></span> <span class='ocrx_word' id='word_1_72' title='bbox 1067 934 1144 977; x_wconf 91' lang='lat' dir='ltr'><strong>com·</strong></span> 
     </span>
     <span class='ocr_line' id='line_1_9' title="bbox 135 1000 1144 1079; baseline 0.003 -21"><span class='ocrx_word' id='word_1_73' title='bbox 135 1000 250 1059; x_wconf 93' lang='lat' dir='ltr'><strong>modum</strong></span> <span class='ocrx_word' id='word_1_74' title='bbox 268 1011 329 1077; x_wconf 93' lang='lat' dir='ltr'><strong>est,</strong></span> <span class='ocrx_word' id='word_1_75' title='bbox 348 1004 542 1062; x_wconf 87' lang='lat' dir='ltr'><strong>convenimus.</strong></span> <span class='ocrx_word' id='word_1_76' title='bbox 566 1000 602 1061; x_wconf 84' lang='lat' dir='ltr'><strong>Et</strong></span> <span class='ocrx_word' id='word_1_77' title='bbox 617 1001 781 1060; x_wconf 89' lang='lat' dir='ltr'><strong>admittente</strong></span> <span class='ocrx_word' id='word_1_78' title='bbox 796 1003 928 1079; x_wconf 81' lang='lat' dir='ltr'><strong>principe</strong></span> <span class='ocrx_word' id='word_1_79' title='bbox 943 1001 1082 1061; x_wconf 92' lang='lat' dir='ltr'><strong>interdum</strong></span> <span class='ocrx_word' id='word_1_80' title='bbox 1098 1011 1144 1061; x_wconf 90' lang='lat' dir='ltr'><strong>est</strong></span> 
     </span>
     <span class='ocr_line' id='line_1_10' title="bbox 137 1082 1143 1163; baseline 0.001 -22"><span class='ocrx_word' id='word_1_81' title='bbox 137 1082 245 1162; x_wconf 88' lang='lat' dir='ltr'><strong>aliquid</strong></span> <span class='ocrx_word' id='word_1_82' title='bbox 261 1084 337 1161; x_wconf 94' lang='lat' dir='ltr'><strong>quod</strong></span> <span class='ocrx_word' id='word_1_83' title='bbox 354 1102 408 1145; x_wconf 88' lang='lat' dir='ltr'><strong>nos</strong></span> <span class='ocrx_word' id='word_1_84' title='bbox 424 1085 499 1144; x_wconf 94' lang='lat' dir='ltr'><strong>domi</strong></span> <span class='ocrx_word' id='word_1_85' title='bbox 516 1087 594 1163; x_wconf 87' lang='lat' dir='ltr'><strong>quasi</strong></span> <span class='ocrx_word' id='word_1_86' title='bbox 609 1087 698 1161; x_wconf 90' lang='lat' dir='ltr'><strong>magis</strong></span> <span class='ocrx_word' id='word_1_87' title='bbox 713 1086 907 1145; x_wconf 89' lang='lat' dir='ltr'><strong>necessarium</strong></span> <span class='ocrx_word' id='word_1_88' title='bbox 922 1093 1030 1153; x_wconf 88' lang='lat' dir='ltr'><strong>teneat;</strong></span> <span class='ocrx_word' id='word_1_89' title='bbox 1056 1103 1143 1144; x_wconf 91' lang='lat' dir='ltr'><strong>excu-</strong></span> 
     </span>
     <span class='ocr_line' id='line_1_11' title="bbox 91 1168 1143 1247; baseline -0.002 -19"><span class='ocrx_word' id='word_1_90' title='bbox 91 1177 128 1228; x_wconf 86' lang='lat'><strong>10</strong></span> <span class='ocrx_word' id='word_1_91' title='bbox 137 1170 190 1226; x_wconf 94' lang='lat' dir='ltr'><strong>sati</strong></span> <span class='ocrx_word' id='word_1_92' title='bbox 207 1185 322 1245; x_wconf 88' lang='lat' dir='ltr'><strong>semper</strong></span> <span class='ocrx_word' id='word_1_93' title='bbox 337 1168 388 1227; x_wconf 91' lang='lat' dir='ltr'><strong>tibi</strong></span> <span class='ocrx_word' id='word_1_94' title='bbox 402 1185 457 1226; x_wconf 92' lang='lat' dir='ltr'><strong>nec</strong></span> <span class='ocrx_word' id='word_1_95' title='bbox 471 1186 600 1247; x_wconf 90' lang='lat' dir='ltr'><strong>umquam</strong></span> <span class='ocrx_word' id='word_1_96' title='bbox 616 1169 769 1228; x_wconf 90' lang='lat' dir='ltr'><strong>excusandi</strong></span> <span class='ocrx_word' id='word_1_97' title='bbox 787 1186 892 1228; x_wconf 91' lang='lat' dir='ltr'><strong>sumus.</strong></span> <span class='ocrx_word' id='word_1_98' title='bbox 916 1168 980 1226; x_wconf 90' lang='lat' dir='ltr'><strong>Scis</strong></span> <span class='ocrx_word' id='word_1_99' title='bbox 998 1169 1072 1227; x_wconf 91' lang='lat' dir='ltr'><strong>enim</strong></span> <span class='ocrx_word' id='word_1_100' title='bbox 1088 1169 1143 1228; x_wconf 91' lang='lat' dir='ltr'><strong>sibi</strong></span> 
     </span>
     <span class='ocr_line' id='line_1_12' title="bbox 137 1251 1140 1330; baseline 0.002 -22"><span class='ocrx_word' id='word_1_101' title='bbox 137 1268 281 1328; x_wconf 86' lang='lat' dir='ltr'><strong>quemque</strong></span> <span class='ocrx_word' id='word_1_102' title='bbox 295 1261 442 1328; x_wconf 88' lang='lat' dir='ltr'><strong>praestare</strong></span> <span class='ocrx_word' id='word_1_103' title='bbox 459 1252 535 1330; x_wconf 91' lang='lat' dir='ltr'><strong>quod</strong></span> <span class='ocrx_word' id='word_1_104' title='bbox 551 1261 579 1310; x_wconf 92' lang='lat' dir='ltr'><strong>te</strong></span> <span class='ocrx_word' id='word_1_105' title='bbox 594 1251 706 1328; x_wconf 88' lang='lat' dir='ltr'><strong>videat,</strong></span> <span class='ocrx_word' id='word_1_106' title='bbox 730 1251 806 1329; x_wconf 92' lang='lat' dir='ltr'><strong>qnod</strong></span> <span class='ocrx_word' id='word_1_107' title='bbox 822 1251 1000 1329; x_wconf 62' lang='lat' dir='ltr'><strong>frequentem</strong></span> <span class='ocrx_word' id='word_1_108' title='bbox 1016 1268 1049 1309; x_wconf 91' lang='lat' dir='ltr'><strong>ac</strong></span> <span class='ocrx_word' id='word_1_109' title='bbox 1063 1261 1140 1311; x_wconf 87' lang='lat' dir='ltr'><strong>tanto</strong></span> 
     </span>
     <span class='ocr_line' id='line_1_13' title="bbox 136 1332 1143 1413; baseline 0 -21"><span class='ocrx_word' id='word_1_110' title='bbox 136 1332 285 1393; x_wconf 87' lang='lat' dir='ltr'><strong>liberalius</strong></span> <span class='ocrx_word' id='word_1_111' title='bbox 301 1351 334 1392; x_wconf 90' lang='lat' dir='ltr'><strong>ac</strong></span> <span class='ocrx_word' id='word_1_112' title='bbox 348 1333 449 1393; x_wconf 89' lang='lat' dir='ltr'><strong>diutius</strong></span> <span class='ocrx_word' id='word_1_113' title='bbox 463 1334 618 1413; x_wconf 87' lang='lat' dir='ltr'><strong>voluptatis</strong></span> <span class='ocrx_word' id='word_1_114' title='bbox 634 1335 717 1394; x_wconf 92' lang='lat' dir='ltr'><strong>huius</strong></span> <span class='ocrx_word' id='word_1_115' title='bbox 730 1336 841 1413; x_wconf 92' lang='lat' dir='ltr'><strong>copiam</strong></span> <span class='ocrx_word' id='word_1_116' title='bbox 855 1335 989 1412; x_wconf 87' lang='lat' dir='ltr'><strong>praebes.</strong></span> <span class='ocrx_word' id='word_1_117' title='bbox 1020 1333 1084 1394; x_wconf 89' lang='lat' dir='ltr'><strong>Neo</strong></span> <span class='ocrx_word' id='word_1_118' title='bbox 1100 1352 1143 1394; x_wconf 90' lang='lat' dir='ltr'><strong>sa·</strong></span> 
     </span>
     <span class='ocr_line' id='line_1_14' title="bbox 136 1416 1143 1496; baseline 0 -21"><span class='ocrx_word' id='word_1_119' title='bbox 136 1417 289 1477; x_wconf 88' lang='lat' dir='ltr'><strong>lutationes</strong></span> <span class='ocrx_word' id='word_1_120' title='bbox 304 1426 366 1478; x_wconf 88' lang='lat' dir='ltr'><strong>tuas</strong></span> <span class='ocrx_word' id='word_1_121' title='bbox 388 1419 455 1495; x_wconf 87' lang='lat' dir='ltr'><strong>luga</strong></span> <span class='ocrx_word' id='word_1_122' title='bbox 471 1428 501 1479; x_wconf 95' lang='lat' dir='ltr'><strong>et</strong></span> <span class='ocrx_word' id='word_1_123' title='bbox 516 1421 632 1478; x_wconf 85' lang='lat' dir='ltr'><strong>vastitas</strong></span> <span class='ocrx_word' id='word_1_124' title='bbox 649 1419 785 1496; x_wconf 87' lang='lat' dir='ltr'><strong>sequitur.</strong></span> <span class='ocrx_word' id='word_1_125' title='bbox 815 1416 1015 1493; x_wconf 84' lang='lat' dir='ltr'><strong>Remoramur,</strong></span> <span class='ocrx_word' id='word_1_126' title='bbox 1032 1418 1143 1477; x_wconf 91' lang='lat' dir='ltr'><strong>resisti·</strong></span> 
     </span>
     <span class='ocr_line' id='line_1_15' title="bbox 135 1500 1142 1580; baseline 0.002 -22"><span class='ocrx_word' id='word_1_127' title='bbox 135 1519 216 1576; x_wconf 89' lang='lat' dir='ltr'><strong>mus,</strong></span> <span class='ocrx_word' id='word_1_128' title='bbox 233 1510 263 1561; x_wconf 90' lang='lat' dir='ltr'><strong>ut</strong></span> <span class='ocrx_word' id='word_1_129' title='bbox 276 1502 303 1559; x_wconf 95' lang='lat' dir='ltr'><strong>in</strong></span> <span class='ocrx_word' id='word_1_130' title='bbox 317 1503 456 1560; x_wconf 92' lang='lat' dir='ltr'><strong>communi</strong></span> <span class='ocrx_word' id='word_1_131' title='bbox 472 1502 574 1579; x_wconf 90' lang='lat' dir='ltr'><strong>domo,</strong></span> <span class='ocrx_word' id='word_1_132' title='bbox 590 1520 672 1580; x_wconf 89' lang='lat' dir='ltr'><strong>quam</strong></span> <span class='ocrx_word' id='word_1_133' title='bbox 684 1519 775 1579; x_wconf 93' lang='lat' dir='ltr'><strong>nuper</strong></span> <span class='ocrx_word' id='word_1_134' title='bbox 791 1500 840 1560; x_wconf 91' lang='lat' dir='ltr'><strong>illa</strong></span> <span class='ocrx_word' id='word_1_135' title='bbox 854 1502 1042 1561; x_wconf 91' lang='lat' dir='ltr'><strong>inmanissima</strong></span> <span class='ocrx_word' id='word_1_136' title='bbox 1058 1500 1142 1560; x_wconf 90' lang='lat' dir='ltr'><strong>belua</strong></span> 
     </span>
     <span class='ocr_line' id='line_1_16' title="bbox 92 1583 1142 1663; baseline 0.007 -26"><span class='ocrx_word' id='word_1_137' title='bbox 92 1588 126 1637; x_wconf 80' lang='lat'><strong>15</strong></span> <span class='ocrx_word' id='word_1_138' title='bbox 136 1583 257 1662; x_wconf 90' lang='lat' dir='ltr'><strong>plurimo</strong></span> <span class='ocrx_word' id='word_1_139' title='bbox 278 1594 390 1645; x_wconf 89' lang='lat' dir='ltr'><strong>terrore</strong></span> <span class='ocrx_word' id='word_1_140' title='bbox 413 1587 565 1662; x_wconf 90' lang='lat' dir='ltr'><strong>munierat,</strong></span> <span class='ocrx_word' id='word_1_141' title='bbox 594 1603 657 1644; x_wconf 90' lang='lat' dir='ltr'><strong>cum</strong></span> <span class='ocrx_word' id='word_1_142' title='bbox 677 1584 756 1646; x_wconf 90' lang='lat' dir='ltr'><strong>velut</strong></span> <span class='ocrx_word' id='word_1_143' title='bbox 777 1584 898 1663; x_wconf 93' lang='lat' dir='ltr'><strong>quodam</strong></span> <span class='ocrx_word' id='word_1_144' title='bbox 919 1602 1009 1662; x_wconf 90' lang='lat' dir='ltr'><strong>specu</strong></span> <span class='ocrx_word' id='word_1_145' title='bbox 1032 1583 1142 1644; x_wconf 93' lang='lat' dir='ltr'><strong>inclusa</strong></span> 
     </span>
     <span class='ocr_line' id='line_1_17' title="bbox 135 1667 1143 1747; baseline 0.001 -22"><span class='ocrx_word' id='word_1_146' title='bbox 135 1686 210 1726; x_wconf 93' lang='lat' dir='ltr'><strong>nunc</strong></span> <span class='ocrx_word' id='word_1_147' title='bbox 232 1669 455 1747; x_wconf 92' lang='lat' dir='ltr'><strong>propinquorum</strong></span> <span class='ocrx_word' id='word_1_148' title='bbox 476 1671 642 1746; x_wconf 87' lang='lat' dir='ltr'><strong>sanguinem</strong></span> <span class='ocrx_word' id='word_1_149' title='bbox 664 1669 802 1729; x_wconf 85' lang='lat' dir='ltr'><strong>lamberet</strong></span> <span class='ocrx_word' id='word_1_150' title='bbox 824 1688 898 1728; x_wconf 90' lang='lat' dir='ltr'><strong>nunc</strong></span> <span class='ocrx_word' id='word_1_151' title='bbox 921 1687 954 1728; x_wconf 90' lang='lat' dir='ltr'><strong>se</strong></span> <span class='ocrx_word' id='word_1_152' title='bbox 969 1667 1003 1727; x_wconf 93' lang='lat' dir='ltr'><strong>ad</strong></span> <span class='ocrx_word' id='word_1_153' title='bbox 1018 1667 1143 1728; x_wconf 91' lang='lat' dir='ltr'><strong>clarissi-</strong></span> 
     </span>
     <span class='ocr_line' id='line_1_18' title="bbox 135 1751 1144 1831; baseline 0.002 -23"><span class='ocrx_word' id='word_1_154' title='bbox 135 1767 244 1809; x_wconf 94' lang='lat' dir='ltr'><strong>morum</strong></span> <span class='ocrx_word' id='word_1_155' title='bbox 257 1753 359 1811; x_wconf 86' lang='lat' dir='ltr'><strong>civium</strong></span> <span class='ocrx_word' id='word_1_156' title='bbox 374 1761 486 1830; x_wconf 84' lang='lat' dir='ltr'><strong>strages</strong></span> <span class='ocrx_word' id='word_1_157' title='bbox 499 1752 663 1831; x_wconf 84' lang='lat' dir='ltr'><strong>caedesque</strong></span> <span class='ocrx_word' id='word_1_158' title='bbox 678 1753 832 1830; x_wconf 85' lang='lat' dir='ltr'><strong>proferret.</strong></span> <span class='ocrx_word' id='word_1_159' title='bbox 854 1751 1114 1811; x_wconf 84' lang='lat' dir='ltr'><strong>Obversabanturl</strong></span> <span class='ocrx_word' id='word_1_160' title='bbox 1133 1784 1144 1794; x_wconf 93' lang='lat'><strong>·</strong></span> 
     </span>
     <span class='ocr_line' id='line_1_19' title="bbox 135 1834 1143 1915; baseline 0.002 -23"><span class='ocrx_word' id='word_1_161' title='bbox 135 1834 213 1894; x_wconf 92' lang='lat' dir='ltr'><strong>ribus</strong></span> <span class='ocrx_word' id='word_1_162' title='bbox 234 1834 336 1895; x_wconf 90' lang='lat' dir='ltr'><strong>horror</strong></span> <span class='ocrx_word' id='word_1_163' title='bbox 358 1845 387 1895; x_wconf 91' lang='lat' dir='ltr'><strong>et</strong></span> <span class='ocrx_word' id='word_1_164' title='bbox 406 1839 496 1895; x_wconf 90' lang='lat' dir='ltr'><strong>minae</strong></span> <span class='ocrx_word' id='word_1_165' title='bbox 515 1846 544 1895; x_wconf 91' lang='lat' dir='ltr'><strong>et</strong></span> <span class='ocrx_word' id='word_1_166' title='bbox 564 1855 615 1915; x_wconf 93' lang='lat' dir='ltr'><strong>par</strong></span> <span class='ocrx_word' id='word_1_167' title='bbox 629 1845 722 1896; x_wconf 88' lang='lat' dir='ltr'><strong>metus</strong></span> <span class='ocrx_word' id='word_1_168' title='bbox 737 1836 866 1896; x_wconf 90' lang='lat' dir='ltr'><strong>admissis</strong></span> <span class='ocrx_word' id='word_1_169' title='bbox 881 1845 910 1895; x_wconf 92' lang='lat' dir='ltr'><strong>et</strong></span> <span class='ocrx_word' id='word_1_170' title='bbox 928 1835 1064 1895; x_wconf 87' lang='lat' dir='ltr'><strong>exclusis.</strong></span> <span class='ocrx_word' id='word_1_171' title='bbox 1098 1834 1143 1894; x_wconf 83' lang='lat' dir='ltr'><strong>Ad</strong></span> 
     </span>
     <span class='ocr_line' id='line_1_20' title="bbox 134 1916 1142 1996; baseline 0.003 -21"><span class='ocrx_word' id='word_1_172' title='bbox 134 1916 191 1978; x_wconf 90' lang='lat' dir='ltr'><strong>boc</strong></span> <span class='ocrx_word' id='word_1_173' title='bbox 203 1919 266 1993; x_wconf 91' lang='lat' dir='ltr'><strong>ipse</strong></span> <span class='ocrx_word' id='word_1_174' title='bbox 279 1936 401 1978; x_wconf 91' lang='lat' dir='ltr'><strong>occursu</strong></span> <span class='ocrx_word' id='word_1_175' title='bbox 413 1937 528 1996; x_wconf 93' lang='lat' dir='ltr'><strong>quoque</strong></span> <span class='ocrx_word' id='word_1_176' title='bbox 540 1922 661 1996; x_wconf 84' lang='lat' dir='ltr'><strong>visuque</strong></span> <span class='ocrx_word' id='word_1_177' title='bbox 673 1918 822 1977; x_wconf 89' lang='lat' dir='ltr'><strong>terribilis:</strong></span> <span class='ocrx_word' id='word_1_178' title='bbox 841 1919 975 1996; x_wconf 89' lang='lat' dir='ltr'><strong>superbia</strong></span> <span class='ocrx_word' id='word_1_179' title='bbox 993 1921 1021 1978; x_wconf 91' lang='lat' dir='ltr'><strong>in</strong></span> <span class='ocrx_word' id='word_1_180' title='bbox 1037 1919 1142 1993; x_wconf 87' lang='lat' dir='ltr'><strong>fronte,</strong></span> 
     </span>
     <span class='ocr_line' id='line_1_21' title="bbox 90 2000 1143 2079; baseline 0.003 -23"><span class='ocrx_word' id='word_1_181' title='bbox 90 2003 175 2059; x_wconf 68' lang='lat' dir='ltr'><strong>toira</strong></span> <span class='ocrx_word' id='word_1_182' title='bbox 194 2003 223 2058; x_wconf 94' lang='lat' dir='ltr'><strong>in</strong></span> <span class='ocrx_word' id='word_1_183' title='bbox 244 2001 352 2077; x_wconf 89' lang='lat' dir='ltr'><strong>oculis,</strong></span> <span class='ocrx_word' id='word_1_184' title='bbox 379 2001 519 2059; x_wconf 85' lang='lat' dir='ltr'><strong>femineus</strong></span> <span class='ocrx_word' id='word_1_185' title='bbox 539 2000 632 2079; x_wconf 90' lang='lat' dir='ltr'><strong>pallor</strong></span> <span class='ocrx_word' id='word_1_186' title='bbox 653 2003 680 2059; x_wconf 93' lang='lat' dir='ltr'><strong>in</strong></span> <span class='ocrx_word' id='word_1_187' title='bbox 696 2017 837 2077; x_wconf 91' lang='lat' dir='ltr'><strong>corpore,</strong></span> <span class='ocrx_word' id='word_1_188' title='bbox 864 2003 893 2058; x_wconf 91' lang='lat' dir='ltr'><strong>in</strong></span> <span class='ocrx_word' id='word_1_189' title='bbox 912 2018 961 2059; x_wconf 91' lang='lat' dir='ltr'><strong>ore</strong></span> <span class='ocrx_word' id='word_1_190' title='bbox 979 2002 1143 2078; x_wconf 89' lang='lat' dir='ltr'><strong>inpudentia</strong></span> 
     </span>
     <span class='ocr_line' id='line_1_22' title="bbox 134 2081 1143 2160; baseline 0 -19"><span class='ocrx_word' id='word_1_191' title='bbox 134 2083 222 2142; x_wconf 92' lang='lat' dir='ltr'><strong>multo</strong></span> <span class='ocrx_word' id='word_1_192' title='bbox 238 2084 342 2142; x_wconf 88' lang='lat' dir='ltr'><strong>mbore</strong></span> <span class='ocrx_word' id='word_1_193' title='bbox 358 2082 473 2142; x_wconf 83' lang='lat' dir='ltr'><strong>sudusa.</strong></span> <span class='ocrx_word' id='word_1_194' title='bbox 510 2081 574 2140; x_wconf 90' lang='lat' dir='ltr'><strong>Non</strong></span> <span class='ocrx_word' id='word_1_195' title='bbox 588 2083 665 2141; x_wconf 90' lang='lat' dir='ltr'><strong>adire</strong></span> <span class='ocrx_word' id='word_1_196' title='bbox 681 2085 838 2160; x_wconf 83' lang='lat' dir='ltr'><strong>quisquam,</strong></span> <span class='ocrx_word' id='word_1_197' title='bbox 856 2100 912 2141; x_wconf 93' lang='lat' dir='ltr'><strong>non</strong></span> <span class='ocrx_word' id='word_1_198' title='bbox 927 2083 1043 2158; x_wconf 88' lang='lat' dir='ltr'><strong>adloqui</strong></span> <span class='ocrx_word' id='word_1_199' title='bbox 1057 2083 1143 2141; x_wconf 92' lang='lat' dir='ltr'><strong>aude·</strong></span> 
     </span>
     <span class='ocr_line' id='line_1_23' title="bbox 135 2166 1144 2243; baseline -0.003 -18"><span class='ocrx_word' id='word_1_200' title='bbox 135 2168 183 2225; x_wconf 93' lang='lat' dir='ltr'><strong>bat</strong></span> <span class='ocrx_word' id='word_1_201' title='bbox 198 2166 330 2225; x_wconf 89' lang='lat' dir='ltr'><strong>tenebras</strong></span> <span class='ocrx_word' id='word_1_202' title='bbox 352 2183 467 2243; x_wconf 83' lang='lat' dir='ltr'><strong>semper</strong></span> <span class='ocrx_word' id='word_1_203' title='bbox 486 2174 687 2243; x_wconf 87' lang='lat' dir='ltr'><strong>secretumque</strong></span> <span class='ocrx_word' id='word_1_204' title='bbox 710 2174 868 2243; x_wconf 90' lang='lat' dir='ltr'><strong>captantem</strong></span> <span class='ocrx_word' id='word_1_205' title='bbox 889 2183 945 2224; x_wconf 90' lang='lat' dir='ltr'><strong>nec</strong></span> <span class='ocrx_word' id='word_1_206' title='bbox 960 2182 1091 2242; x_wconf 88' lang='lat' dir='ltr'><strong>umquam</strong></span> <span class='ocrx_word' id='word_1_207' title='bbox 1107 2183 1144 2223; x_wconf 89' lang='lat' dir='ltr'><strong>ex</strong></span> 
     </span>
     <span class='ocr_line' id='line_1_24' title="bbox 136 2245 1194 2326; baseline -0.005 -16"><span class='ocrx_word' id='word_1_208' title='bbox 136 2248 289 2310; x_wconf 89' lang='lat' dir='ltr'><strong>solitudine</strong></span> <span class='ocrx_word' id='word_1_209' title='bbox 302 2267 352 2308; x_wconf 89' lang='lat' dir='ltr'><strong>sua</strong></span> <span class='ocrx_word' id='word_1_210' title='bbox 368 2247 566 2326; x_wconf 91' lang='lat' dir='ltr'><strong>prodeuntem,</strong></span> <span class='ocrx_word' id='word_1_211' title='bbox 582 2251 635 2307; x_wconf 91' lang='lat' dir='ltr'><strong>nisi</strong></span> <span class='ocrx_word' id='word_1_212' title='bbox 650 2258 679 2308; x_wconf 93' lang='lat' dir='ltr'><strong>ut</strong></span> <span class='ocrx_word' id='word_1_213' title='bbox 697 2246 876 2307; x_wconf 91' lang='lat' dir='ltr'><strong>solitudinem</strong></span> <span class='ocrx_word' id='word_1_214' title='bbox 891 2246 1009 2306; x_wconf 87' lang='lat' dir='ltr'><strong>laceret.</strong></span> <span class='ocrx_word' id='word_1_215' title='bbox 1032 2245 1084 2307; x_wconf 96' lang='lat' dir='ltr'><strong>llle</strong></span> <span class='ocrx_word' id='word_1_216' title='bbox 1100 2257 1141 2306; x_wconf 88' lang='lat' dir='ltr'><strong>ta·</strong></span> <span class='ocrx_word' id='word_1_217' title='bbox 1153 2251 1194 2314; x_wconf 74' lang='lat'><strong>49</strong></span> 
     </span>
     <span class='ocr_line' id='line_1_25' title="bbox 135 2329 1141 2411; baseline -0.004 -19"><span class='ocrx_word' id='word_1_218' title='bbox 135 2351 217 2411; x_wconf 87' lang='lat' dir='ltr'><strong>men,</strong></span> <span class='ocrx_word' id='word_1_219' title='bbox 234 2333 336 2411; x_wconf 92' lang='lat' dir='ltr'><strong>quibus</strong></span> <span class='ocrx_word' id='word_1_220' title='bbox 354 2333 409 2392; x_wconf 91' lang='lat' dir='ltr'><strong>sibi</strong></span> <span class='ocrx_word' id='word_1_221' title='bbox 423 2332 578 2411; x_wconf 89' lang='lat' dir='ltr'><strong>parietibus</strong></span> <span class='ocrx_word' id='word_1_222' title='bbox 598 2340 627 2393; x_wconf 93' lang='lat' dir='ltr'><strong>et</strong></span> <span class='ocrx_word' id='word_1_223' title='bbox 643 2333 729 2391; x_wconf 89' lang='lat' dir='ltr'><strong>muris</strong></span> <span class='ocrx_word' id='word_1_224' title='bbox 744 2330 864 2391; x_wconf 89' lang='lat' dir='ltr'><strong>salutem</strong></span> <span class='ocrx_word' id='word_1_225' title='bbox 882 2347 960 2390; x_wconf 90' lang='lat' dir='ltr'><strong>snam</strong></span> <span class='ocrx_word' id='word_1_226' title='bbox 975 2332 1048 2389; x_wconf 88' lang='lat' dir='ltr'><strong>tueri</strong></span> <span class='ocrx_word' id='word_1_227' title='bbox 1063 2329 1141 2388; x_wconf 91' lang='lat' dir='ltr'><strong>vide·</strong></span> 
     </span>
     <span class='ocr_line' id='line_1_26' title="bbox 92 2413 1142 2494; baseline -0.006 -19"><span class='ocrx_word' id='word_1_228' title='bbox 92 2423 126 2475; x_wconf 80' lang='lat'><strong>25</strong></span> <span class='ocrx_word' id='word_1_229' title='bbox 136 2418 233 2494; x_wconf 90' lang='lat' dir='ltr'><strong>batur,</strong></span> <span class='ocrx_word' id='word_1_230' title='bbox 256 2416 351 2476; x_wconf 91' lang='lat' dir='ltr'><strong>dolum</strong></span> <span class='ocrx_word' id='word_1_231' title='bbox 367 2434 466 2477; x_wconf 90' lang='lat' dir='ltr'><strong>secum</strong></span> <span class='ocrx_word' id='word_1_232' title='bbox 483 2426 512 2475; x_wconf 89' lang='lat' dir='ltr'><strong>et</strong></span> <span class='ocrx_word' id='word_1_233' title='bbox 527 2415 641 2476; x_wconf 89' lang='lat' dir='ltr'><strong>insidias</strong></span> <span class='ocrx_word' id='word_1_234' title='bbox 660 2426 690 2474; x_wconf 88' lang='lat' dir='ltr'><strong>et</strong></span> <span class='ocrx_word' id='word_1_235' title='bbox 704 2415 826 2475; x_wconf 91' lang='lat' dir='ltr'><strong>ultorem</strong></span> <span class='ocrx_word' id='word_1_236' title='bbox 842 2413 987 2473; x_wconf 90' lang='lat' dir='ltr'><strong>scelerum</strong></span> <span class='ocrx_word' id='word_1_237' title='bbox 1005 2413 1089 2473; x_wconf 92' lang='lat' dir='ltr'><strong>deum</strong></span> <span class='ocrx_word' id='word_1_238' title='bbox 1101 2415 1142 2470; x_wconf 90' lang='lat' dir='ltr'><strong>in-</strong></span> 
     </span>
     <span class='ocr_line' id='line_1_27' title="bbox 137 2499 1143 2579; baseline -0.004 -21"><span class='ocrx_word' id='word_1_239' title='bbox 137 2500 231 2561; x_wconf 88' lang='lat' dir='ltr'><strong>clusit.</strong></span> <span class='ocrx_word' id='word_1_240' title='bbox 258 2500 384 2560; x_wconf 85' lang='lat' dir='ltr'><strong>Dimovit</strong></span> <span class='ocrx_word' id='word_1_241' title='bbox 400 2501 597 2579; x_wconf 88' lang='lat' dir='ltr'><strong>perfregitque</strong></span> <span class='ocrx_word' id='word_1_242' title='bbox 613 2499 756 2560; x_wconf 86' lang='lat' dir='ltr'><strong>custodias</strong></span> <span class='ocrx_word' id='word_1_243' title='bbox 771 2515 864 2577; x_wconf 93' lang='lat' dir='ltr'><strong>poena</strong></span> <span class='ocrx_word' id='word_1_244' title='bbox 877 2505 1075 2575; x_wconf 84' lang='lat' dir='ltr'><strong>angustosque</strong></span> <span class='ocrx_word' id='word_1_245' title='bbox 1090 2514 1143 2574; x_wconf 91' lang='lat' dir='ltr'><strong>per</strong></span> 
     </span>
     <span class='ocr_line' id='line_1_28' title="bbox 135 2581 1143 2660; baseline -0.005 -18"><span class='ocrx_word' id='word_1_246' title='bbox 135 2584 227 2643; x_wconf 90' lang='lat' dir='ltr'><strong>aditus</strong></span> <span class='ocrx_word' id='word_1_247' title='bbox 249 2594 277 2642; x_wconf 89' lang='lat' dir='ltr'><strong>et</strong></span> <span class='ocrx_word' id='word_1_248' title='bbox 298 2584 478 2660; x_wconf 88' lang='lat' dir='ltr'><strong>obstructos,</strong></span> <span class='ocrx_word' id='word_1_249' title='bbox 501 2601 557 2643; x_wconf 94' lang='lat' dir='ltr'><strong>non</strong></span> <span class='ocrx_word' id='word_1_250' title='bbox 580 2601 666 2643; x_wconf 90' lang='lat' dir='ltr'><strong>secus</strong></span> <span class='ocrx_word' id='word_1_251' title='bbox 687 2599 721 2641; x_wconf 90' lang='lat' dir='ltr'><strong>ac</strong></span> <span class='ocrx_word' id='word_1_252' title='bbox 736 2600 790 2660; x_wconf 92' lang='lat' dir='ltr'><strong>per</strong></span> <span class='ocrx_word' id='word_1_253' title='bbox 804 2589 916 2658; x_wconf 91' lang='lat' dir='ltr'><strong>apertas</strong></span> <span class='ocrx_word' id='word_1_254' title='bbox 932 2581 1010 2641; x_wconf 85' lang='lat' dir='ltr'><strong>fores</strong></span> <span class='ocrx_word' id='word_1_255' title='bbox 1027 2589 1057 2640; x_wconf 92' lang='lat' dir='ltr'><strong>et</strong></span> <span class='ocrx_word' id='word_1_256' title='bbox 1074 2581 1143 2638; x_wconf 85' lang='lat' dir='ltr'><strong>invi-</strong></span> 
     </span>
     <span class='ocr_line' id='line_1_29' title="bbox 135 2663 1143 2744; baseline -0.004 -18"><span class='ocrx_word' id='word_1_257' title='bbox 135 2670 220 2726; x_wconf 89' lang='lat' dir='ltr'><strong>tantia</strong></span> <span class='ocrx_word' id='word_1_258' title='bbox 237 2666 348 2742; x_wconf 90' lang='lat' dir='ltr'><strong>limina,</strong></span> <span class='ocrx_word' id='word_1_259' title='bbox 368 2669 487 2744; x_wconf 89' lang='lat' dir='ltr'><strong>inmpit;</strong></span> <span class='ocrx_word' id='word_1_260' title='bbox 515 2666 662 2744; x_wconf 84' lang='lat' dir='ltr'><strong>longeque</strong></span> <span class='ocrx_word' id='word_1_261' title='bbox 677 2665 800 2726; x_wconf 80' lang='lat' dir='ltr'><strong>tunc-illi</strong></span> <span class='ocrx_word' id='word_1_262' title='bbox 817 2666 946 2725; x_wconf 92' lang='lat' dir='ltr'><strong>divinitas</strong></span> <span class='ocrx_word' id='word_1_263' title='bbox 962 2683 1028 2741; x_wconf 89' lang='lat' dir='ltr'><strong>sua,</strong></span> <span class='ocrx_word' id='word_1_264' title='bbox 1056 2663 1143 2740; x_wconf 83' lang='lat' dir='ltr'><strong>longe</strong></span> 
     </span>
     <span class='ocr_line' id='line_1_30' title="bbox 136 2748 1144 2828; baseline -0.004 -18"><span class='ocrx_word' id='word_1_265' title='bbox 136 2767 236 2810; x_wconf 88' lang='lat' dir='ltr'><strong>arcana</strong></span> <span class='ocrx_word' id='word_1_266' title='bbox 251 2749 299 2808; x_wconf 93' lang='lat' dir='ltr'><strong>illa</strong></span> <span class='ocrx_word' id='word_1_267' title='bbox 315 2748 418 2810; x_wconf 93' lang='lat' dir='ltr'><strong>cubilia</strong></span> <span class='ocrx_word' id='word_1_268' title='bbox 435 2751 573 2828; x_wconf 90' lang='lat' dir='ltr'><strong>saevique</strong></span> <span class='ocrx_word' id='word_1_269' title='bbox 587 2767 742 2826; x_wconf 89' lang='lat' dir='ltr'><strong>secessus,</strong></span> <span class='ocrx_word' id='word_1_270' title='bbox 757 2752 785 2808; x_wconf 92' lang='lat' dir='ltr'><strong>in</strong></span> <span class='ocrx_word' id='word_1_271' title='bbox 797 2766 869 2826; x_wconf 87' lang='lat' dir='ltr'><strong>quos</strong></span> <span class='ocrx_word' id='word_1_272' title='bbox 882 2751 983 2808; x_wconf 93' lang='lat' dir='ltr'><strong>timore</strong></span> <span class='ocrx_word' id='word_1_273' title='bbox 997 2758 1026 2808; x_wconf 90' lang='lat' dir='ltr'><strong>et</strong></span> <span class='ocrx_word' id='word_1_274' title='bbox 1043 2765 1144 2827; x_wconf 92' lang='lat' dir='ltr'><strong>super·</strong></span> 
     </span>
     <span class='ocr_line' id='line_1_31' title="bbox 93 2831 1144 2910; baseline -0.005 -15"><span class='ocrx_word' id='word_1_275' title='bbox 93 2834 181 2895; x_wconf 84' lang='lat' dir='ltr'><strong>30bia</strong></span> <span class='ocrx_word' id='word_1_276' title='bbox 196 2842 225 2893; x_wconf 89' lang='lat' dir='ltr'><strong>et</strong></span> <span class='ocrx_word' id='word_1_277' title='bbox 236 2832 302 2893; x_wconf 95' lang='lat' dir='ltr'><strong>odio</strong></span> <span class='ocrx_word' id='word_1_278' title='bbox 318 2833 460 2892; x_wconf 89' lang='lat' dir='ltr'><strong>hominum</strong></span> <span class='ocrx_word' id='word_1_279' title='bbox 474 2835 618 2910; x_wconf 84' lang='lat' dir='ltr'><strong>agebatur.</strong></span> <span class='ocrx_word' id='word_1_280' title='bbox 648 2831 759 2903; x_wconf 81' lang='lat' dir='ltr'><strong>Quanto</strong></span> <span class='ocrx_word' id='word_1_281' title='bbox 773 2851 847 2893; x_wconf 92' lang='lat' dir='ltr'><strong>nunc</strong></span> <span class='ocrx_word' id='word_1_282' title='bbox 862 2834 964 2909; x_wconf 87' lang='lat' dir='ltr'><strong>tutior,</strong></span> <span class='ocrx_word' id='word_1_283' title='bbox 981 2841 1085 2910; x_wconf 91' lang='lat' dir='ltr'><strong>quanto</strong></span> <span class='ocrx_word' id='word_1_284' title='bbox 1098 2851 1144 2891; x_wconf 88' lang='lat' dir='ltr'><strong>se·</strong></span> 
     </span>
     <span class='ocr_line' id='line_1_32' title="bbox 136 2915 1144 2995; baseline -0.005 -18"><span class='ocrx_word' id='word_1_285' title='bbox 136 2918 232 2977; x_wconf 92' lang='lat' dir='ltr'><strong>curior</strong></span> <span class='ocrx_word' id='word_1_286' title='bbox 255 2916 354 2976; x_wconf 91' lang='lat' dir='ltr'><strong>eadem</strong></span> <span class='ocrx_word' id='word_1_287' title='bbox 378 2916 497 2993; x_wconf 92' lang='lat' dir='ltr'><strong>domus,</strong></span> <span class='ocrx_word' id='word_1_288' title='bbox 523 2926 673 2995; x_wconf 85' lang='lat' dir='ltr'><strong>postquam</strong></span> <span class='ocrx_word' id='word_1_289' title='bbox 696 2934 753 2975; x_wconf 93' lang='lat' dir='ltr'><strong>non</strong></span> <span class='ocrx_word' id='word_1_290' title='bbox 777 2915 952 2976; x_wconf 88' lang='lat' dir='ltr'><strong>crudelitatis</strong></span> <span class='ocrx_word' id='word_1_291' title='bbox 973 2916 1026 2975; x_wconf 90' lang='lat' dir='ltr'><strong>sed</strong></span> <span class='ocrx_word' id='word_1_292' title='bbox 1040 2917 1144 2974; x_wconf 88' lang='lat' dir='ltr'><strong>amoris</strong></span> 
     </span>
     <span class='ocr_line' id='line_1_33' title="bbox 137 2996 1144 3076; baseline -0.005 -16"><span class='ocrx_word' id='word_1_293' title='bbox 137 3001 285 3076; x_wconf 81' lang='lat' dir='ltr'><strong>excubiis,</strong></span> <span class='ocrx_word' id='word_1_294' title='bbox 312 3018 368 3060; x_wconf 93' lang='lat' dir='ltr'><strong>non</strong></span> <span class='ocrx_word' id='word_1_295' title='bbox 390 3000 542 3061; x_wconf 89' lang='lat' dir='ltr'><strong>solitudine</strong></span> <span class='ocrx_word' id='word_1_296' title='bbox 559 3009 589 3059; x_wconf 90' lang='lat' dir='ltr'><strong>et</strong></span> <span class='ocrx_word' id='word_1_297' title='bbox 614 2999 744 3060; x_wconf 89' lang='lat' dir='ltr'><strong>claustris</strong></span> <span class='ocrx_word' id='word_1_298' title='bbox 767 2999 819 3059; x_wconf 90' lang='lat' dir='ltr'><strong>sed</strong></span> <span class='ocrx_word' id='word_1_299' title='bbox 846 3000 950 3057; x_wconf 86' lang='lat' dir='ltr'><strong>civium</strong></span> <span class='ocrx_word' id='word_1_300' title='bbox 976 2996 1144 3057; x_wconf 87' lang='lat' dir='ltr'><strong>celebritate</strong></span> 
     </span>
     <span class='ocr_line' id='line_1_34' title="bbox 137 3082 1144 3163; baseline -0.006 -19"><span class='ocrx_word' id='word_1_301' title='bbox 137 3084 310 3144; x_wconf 81' lang='lat' dir='ltr'><strong>defenditur!</strong></span> <span class='ocrx_word' id='word_1_302' title='bbox 331 3083 443 3163; x_wconf 85' lang='lat' dir='ltr'><strong>Ecquid</strong></span> <span class='ocrx_word' id='word_1_303' title='bbox 455 3101 526 3161; x_wconf 87' lang='lat' dir='ltr'><strong>ergo</strong></span> <span class='ocrx_word' id='word_1_304' title='bbox 539 3082 674 3143; x_wconf 86' lang='lat' dir='ltr'><strong>discimus</strong></span> <span class='ocrx_word' id='word_1_305' title='bbox 690 3085 886 3161; x_wconf 87' lang='lat' dir='ltr'><strong>experimento</strong></span> <span class='ocrx_word' id='word_1_306' title='bbox 902 3082 1063 3140; x_wconf 88' lang='lat' dir='ltr'><strong>fidissimam</strong></span> <span class='ocrx_word' id='word_1_307' title='bbox 1077 3099 1144 3140; x_wconf 90' lang='lat' dir='ltr'><strong>esse</strong></span> 
     </span>
     <span class='ocr_line' id='line_1_35' title="bbox 137 3163 1143 3247; baseline -0.008 -20"><span class='ocrx_word' id='word_1_308' title='bbox 137 3168 294 3228; x_wconf 88' lang='lat' dir='ltr'><strong>custodiam</strong></span> <span class='ocrx_word' id='word_1_309' title='bbox 312 3169 450 3247; x_wconf 90' lang='lat' dir='ltr'><strong>principis</strong></span> <span class='ocrx_word' id='word_1_310' title='bbox 472 3169 562 3246; x_wconf 89' lang='lat' dir='ltr'><strong>ipsius</strong></span> <span class='ocrx_word' id='word_1_311' title='bbox 578 3163 788 3226; x_wconf 85' lang='lat' dir='ltr'><strong>innocentiam?</strong></span> <span class='ocrx_word' id='word_1_312' title='bbox 819 3164 898 3223; x_wconf 89' lang='lat' dir='ltr'><strong>Haec</strong></span> <span class='ocrx_word' id='word_1_313' title='bbox 918 3181 968 3222; x_wconf 88' lang='lat' dir='ltr'><strong>arx</strong></span> <span class='ocrx_word' id='word_1_314' title='bbox 982 3165 1143 3238; x_wconf 89' lang='lat' dir='ltr'><strong>inaccessa,</strong></span> 
     </span>
     <span class='ocr_line' id='line_1_36' title="bbox 94 3243 1145 3330; baseline -0.01 -17"><span class='ocrx_word' id='word_1_315' title='bbox 94 3261 127 3313; x_wconf 79' lang='lat'><strong>35</strong></span> <span class='ocrx_word' id='word_1_316' title='bbox 136 3251 192 3311; x_wconf 90' lang='lat' dir='ltr'><strong>boc</strong></span> <span class='ocrx_word' id='word_1_317' title='bbox 208 3251 431 3330; x_wconf 81' lang='lat' dir='ltr'><strong>inexpugnabile</strong></span> <span class='ocrx_word' id='word_1_318' title='bbox 445 3254 661 3328; x_wconf 90' lang='lat' dir='ltr'><strong>munimentum,</strong></span> <span class='ocrx_word' id='word_1_319' title='bbox 683 3251 855 3307; x_wconf 91' lang='lat' dir='ltr'><strong>munimento</strong></span> <span class='ocrx_word' id='word_1_320' title='bbox 869 3264 926 3305; x_wconf 92' lang='lat' dir='ltr'><strong>non</strong></span> <span class='ocrx_word' id='word_1_321' title='bbox 939 3245 1040 3322; x_wconf 81' lang='lat' dir='ltr'><strong>egero.</strong></span> <span class='ocrx_word' id='word_1_322' title='bbox 1075 3243 1145 3304; x_wconf 85' lang='lat' dir='ltr'><strong>Fru-</strong></span> 
     </span>
     <span class='ocr_line' id='line_1_37' title="bbox 136 3328 1144 3412; baseline -0.009 -17"><span class='ocrx_word' id='word_1_323' title='bbox 136 3344 194 3395; x_wconf 92' lang='lat' dir='ltr'><strong>stra</strong></span> <span class='ocrx_word' id='word_1_324' title='bbox 211 3354 243 3395; x_wconf 91' lang='lat' dir='ltr'><strong>se</strong></span> <span class='ocrx_word' id='word_1_325' title='bbox 254 3344 366 3395; x_wconf 84' lang='lat' dir='ltr'><strong>terrore</strong></span> <span class='ocrx_word' id='word_1_326' title='bbox 380 3335 554 3396; x_wconf 81' lang='lat' dir='ltr'><strong>succinxerit</strong></span> <span class='ocrx_word' id='word_1_327' title='bbox 569 3336 616 3412; x_wconf 92' lang='lat' dir='ltr'><strong>qui</strong></span> <span class='ocrx_word' id='word_1_328' title='bbox 628 3343 727 3411; x_wconf 87' lang='lat' dir='ltr'><strong>septus</strong></span> <span class='ocrx_word' id='word_1_329' title='bbox 743 3333 859 3390; x_wconf 81' lang='lat' dir='ltr'><strong>caritate</strong></span> <span class='ocrx_word' id='word_1_330' title='bbox 874 3347 931 3389; x_wconf 92' lang='lat' dir='ltr'><strong>non</strong></span> <span class='ocrx_word' id='word_1_331' title='bbox 946 3328 1045 3388; x_wconf 89' lang='lat' dir='ltr'><strong>luerit:</strong></span> <span class='ocrx_word' id='word_1_332' title='bbox 1061 3330 1144 3387; x_wconf 90' lang='lat' dir='ltr'><strong>armis</strong></span> 
     </span>
     <span class='ocr_line' id='line_1_38' title="bbox 137 3412 1145 3490; baseline -0.01 -12"><span class='ocrx_word' id='word_1_333' title='bbox 137 3421 210 3478; x_wconf 92' lang='lat' dir='ltr'><strong>enim</strong></span> <span class='ocrx_word' id='word_1_334' title='bbox 226 3437 301 3478; x_wconf 89' lang='lat' dir='ltr'><strong>arma</strong></span> <span class='ocrx_word' id='word_1_335' title='bbox 316 3421 470 3479; x_wconf 88' lang='lat' dir='ltr'><strong>imitantur.</strong></span> <span class='ocrx_word' id='word_1_336' title='bbox 504 3418 578 3478; x_wconf 90' lang='lat' dir='ltr'><strong>Num</strong></span> <span class='ocrx_word' id='word_1_337' title='bbox 592 3427 685 3477; x_wconf 90' lang='lat' dir='ltr'><strong>autem</strong></span> <span class='ocrx_word' id='word_1_338' title='bbox 701 3416 791 3474; x_wconf 89' lang='lat' dir='ltr'><strong>serias</strong></span> <span class='ocrx_word' id='word_1_339' title='bbox 803 3423 907 3473; x_wconf 86' lang='lat' dir='ltr'><strong>tantum</strong></span> <span class='ocrx_word' id='word_1_340' title='bbox 924 3421 1021 3490; x_wconf 90' lang='lat' dir='ltr'><strong>partes</strong></span> <span class='ocrx_word' id='word_1_341' title='bbox 1037 3412 1145 3471; x_wconf 92' lang='lat' dir='ltr'><strong>dierum</strong></span> 
     </span>
     <span class='ocr_line' id='line_1_39' title="bbox 137 3495 1147 3579; baseline -0.009 -19"><span class='ocrx_word' id='word_1_342' title='bbox 137 3503 165 3560; x_wconf 94' lang='lat' dir='ltr'><strong>in</strong></span> <span class='ocrx_word' id='word_1_343' title='bbox 181 3502 273 3561; x_wconf 90' lang='lat' dir='ltr'><strong>oculis</strong></span> <span class='ocrx_word' id='word_1_344' title='bbox 288 3505 394 3564; x_wconf 87' lang='lat' dir='ltr'><strong>nostris</strong></span> <span class='ocrx_word' id='word_1_345' title='bbox 417 3511 560 3579; x_wconf 87' lang='lat' dir='ltr'><strong>coetuque</strong></span> <span class='ocrx_word' id='word_1_346' title='bbox 584 3495 749 3560; x_wconf 76' lang='lat' dir='ltr'><strong>consumis?</strong></span> <span class='ocrx_word' id='word_1_347' title='bbox 777 3517 834 3557; x_wconf 92' lang='lat' dir='ltr'><strong>non</strong></span> <span class='ocrx_word' id='word_1_348' title='bbox 853 3496 1068 3556; x_wconf 90' lang='lat' dir='ltr'><strong>remissionibus</strong></span> <span class='ocrx_word' id='word_1_349' title='bbox 1090 3495 1147 3555; x_wconf 89' lang='lat' dir='ltr'><strong>tuis</strong></span> 
     </span>
    </p>
   </div>
   <div class='ocr_carea' id='block_1_4' title="bbox 0 0 1306 4116">
    <p class='ocr_par' dir='ltr' id='par_1_4' title="bbox 0 0 1306 4116">
     <span class='ocr_line' id='line_1_40' title="bbox 0 0 1306 4116; baseline 0 0"><span class='ocrx_word' id='word_1_350' title='bbox 0 0 1306 4116; x_wconf 95' lang='lat' dir='ltr'><strong> </strong></span> 
     </span>
    </p>
   </div>
  </div>
 </body>
</html>
