2588 4116
457 198 722 259 EPISTULARUM
736 198 760 258 l.
782 210 807 263 6.
825 209 850 262 7.
1140 199 1159 262 5

152 361 182 410 ut
203 351 278 410 idem
298 353 416 427 saepius
438 352 546 428 dicam,
574 360 698 428 expecto
716 350 881 411 Mauricum.
912 351 963 410 Vir
983 362 1028 413 est
1051 352 1158 431 gravis,

151 434 289 513 prudens,
308 433 403 495 multis
419 436 624 513 experimentis
643 435 783 512 eruditus,
800 445 829 495 et
847 437 895 512 qui
910 435 1004 496 lutura
1016 438 1108 513 possit
1122 454 1159 495 ex

152 519 314 596 praeteritis
331 518 496 596 providere.
523 517 592 578 Mihi
608 528 637 578 et
653 518 808 596 temptandi
824 516 930 596 aliquid
946 529 975 579 et
990 519 1157 596 quiescendi

151 603 203 660 illo
218 611 334 662 auctore
349 604 421 662 ratio
433 602 585 662 constabit.
607 600 685 661 llaec
699 602 750 660 tibi
765 603 882 680 scripsi,
902 604 967 679 quia
981 620 1082 662 aecum
1096 611 1156 661 erat
1167 611 1200 667 17

123 692 179 746 tte
198 703 251 763 pro
269 704 363 745 amore
384 696 482 746 mutuo
504 703 561 744 non
576 683 670 745 solum
685 687 778 744 omnia
792 703 856 744 mea
870 685 944 746 lacta
960 686 1093 764 dictaque
1107 704 1157 744 ve·

150 787 211 829 rum
226 771 310 829 etiam
326 769 446 830 consilia
461 786 650 846 cognoscere.
685 768 766 829 Vale.

632 901 680 962 Vl.

350 1002 376 1054 c.
397 1000 523 1052 ruimus
542 999 702 1051 conuento
722 999 838 1051 sucuro
857 999 958 1054 SUOS.

108 1109 141 1161 10
212 1101 349 1181 Ridebis,
366 1113 395 1162 et
414 1102 484 1163 lieet
504 1104 610 1164 rideas.
634 1101 699 1180 Ego
718 1101 767 1162 ille
789 1119 874 1179 quem
895 1104 970 1162 nosti
991 1119 1077 1179 apros
1095 1113 1179 1165 trest

150 1196 179 1246 et
196 1186 311 1263 quidem
323 1186 532 1264 pulcherrimos
551 1188 626 1263 cepi.
649 1182 738 1262 lpse?
754 1187 858 1262 inquis.
886 1184 969 1263 lpse;
991 1195 1157 1246 nontamen

149 1279 180 1329 ut
196 1271 310 1328 omnino
325 1271 359 1329 ab
381 1271 483 1328 inertia
496 1287 559 1329 mea
574 1278 604 1328 et
626 1270 724 1345 quiete
742 1267 932 1326 discederem.
964 1269 1010 1328 Ad
1023 1270 1096 1328 retia
1112 1289 1157 1329 se-

149 1353 266 1412 debam:
284 1361 344 1411 erat
360 1354 387 1410 in
402 1354 534 1429 proximo
556 1367 613 1410 non
633 1348 804 1409 venabulum
818 1359 865 1408 aut
880 1350 990 1426 lancea,
1009 1351 1060 1410 sed
1075 1350 1157 1411 stilus

150 1445 181 1494 et
197 1434 369 1513 pugillares:
381 1435 538 1494 meditabar
548 1433 656 1513 aliquid
668 1433 886 1512 enotabamque,
902 1442 943 1511 ut,
959 1435 984 1494 si
998 1450 1097 1494 manus
1109 1452 1158 1492 va·

107 1533 140 1586 15
150 1537 236 1595 enas,
254 1517 353 1596 plenas
372 1529 465 1579 tamen
479 1537 560 1579 ceras
577 1527 764 1598 reportarem.
791 1517 856 1577 Non
870 1527 916 1578 est
934 1517 1012 1596 quod
1029 1526 1181 1577 contem-n

150 1621 200 1663 nas
217 1603 273 1663 hoc
286 1602 418 1664 studendi
434 1622 536 1681 genus.
566 1602 668 1663 Mirum
689 1611 734 1662 est
751 1612 782 1663 ut
802 1602 910 1663 animus
926 1604 1081 1681 agitatione
1096 1619 1155 1661 mo·

150 1697 239 1764 tuque
265 1690 396 1767 corporis
422 1690 574 1748 excitetur.
624 1686 682 1747 laur
707 1687 832 1765 undique
857 1685 947 1748 silvae
974 1695 1003 1748 et
1030 1685 1156 1746 solitudo

150 1774 302 1848 ipsumque
326 1772 397 1833 illud
415 1771 561 1833 silentium
582 1771 660 1850 quod
678 1772 822 1831 venationi
839 1771 919 1830 datur
933 1789 1034 1848 magna
1047 1772 1155 1848 cogita-

150 1857 236 1916 tionis
251 1857 431 1917 incitamenta
443 1865 518 1917 sunt.
540 1856 662 1917 Proinde
678 1873 742 1913 cum
754 1855 909 1932 venabere,
926 1854 1026 1915 licebit
1037 1859 1180 1915 auctorat

105 1949 141 2000 20
149 1956 194 1998 me
210 1948 241 1998 ut
257 1936 400 2018 panarium
416 1949 445 2000 et
462 1939 644 2017 lagunculam
659 1941 702 1998 sic
716 1941 801 1998 etiam
817 1938 976 2016 pugillares
994 1940 1079 1999 ieras.
1099 1937 1156 1998 Ex·

149 2024 272 2100 perieris
284 2041 341 2082 non
354 2023 473 2083 Dianam
489 2024 580 2098 magis
597 2021 740 2082 montibus
757 2039 840 2098 quam
854 2021 1009 2082 Minervam
1019 2023 1156 2082 inerrare.

147 2105 230 2164 Vale.

623 2198 687 2258 vll.

376 2296 402 2348 u.
422 2296 548 2348 ruinius
564 2295 706 2347 ocrnvro
725 2294 807 2346 nuno
827 2293 887 2345 suo
905 2293 931 2348 a.

212 2401 285 2461 Vide
304 2402 332 2460 in
351 2418 408 2479 quo
424 2417 470 2459 me
485 2399 603 2477 fastigio
621 2399 792 2474 collocaris,
817 2414 881 2455 cum
899 2394 968 2455 mihi
985 2393 1059 2455 idem
1075 2404 1180 2473 pote-l

150 2488 231 2546 statis
252 2485 385 2564 idemque
400 2487 482 2562 regni
504 2483 619 2544 dederis
641 2483 718 2562 quod
734 2480 874 2542 Homerus
890 2479 953 2539 lovi
969 2478 1084 2558 Optimo
1099 2477 1156 2538 Ma·

148 2572 238 2646 ximo,

185 2667 230 2748 spi
248 2656 281 2726 δ’
296 2661 412 2744 ἕτερον
423 2659 485 2744 μὲν
498 2664 602 2726 ἔδωκε
615 2657 739 2744 πατὴρ,
752 2659 868 2742 ἕτερον
880 2653 914 2722 δ’
928 2653 1121 2721 ἀνένευσεν.

104 2775 142 2830 30
150 2767 222 2829 Nam
243 2785 300 2846 ego
321 2785 439 2846 quoque
458 2767 544 2828 simili
559 2778 629 2827 nutu
646 2787 680 2828 ac
702 2776 804 2827 renutu
821 2765 999 2843 respondere
1017 2773 1086 2823 voto
1108 2773 1182 2830 tucn

151 2867 278 2930 possum.
310 2851 424 2911 Etenim
446 2854 521 2912 sicut
540 2852 583 2912 fas
601 2861 647 2912 est
667 2851 753 2930 mihi,
779 2850 948 2929 praesertim
964 2857 992 2907 te
1009 2849 1156 2926 exigente,

150 2953 288 2996 excusare
304 2935 429 2996 Baeticis
445 2944 544 2996 contra
555 2954 639 2995 unum
650 2935 795 2995 homiuem
806 2933 1032 3009 advocationem,
1051 2934 1089 2992 ita
1103 2950 1159 2992 nec

150 3018 216 3078 lidei
238 3029 352 3080 nostrae
380 3037 434 3078 nec
461 3022 637 3079 constantiae
663 3037 748 3098 quam
768 3017 866 3096 diligis
897 3018 1031 3077 convenit
1054 3015 1157 3076 adesse

151 3112 249 3163 eontra
265 3105 442 3182 provinciam
462 3121 546 3181 quana
566 3112 609 3163 tot
627 3104 748 3181 officiis,
772 3111 814 3163 tot
828 3100 993 3175 laboribus,
1015 3108 1057 3158 tot
1074 3101 1158 3157 etiam

104 3187 290 3264 aspernatis
307 3189 380 3247 meis
397 3186 548 3264 aliquando
568 3187 753 3247 devinxerim.
790 3185 908 3244 'lenebo
930 3199 1000 3258 ergo
1015 3182 1071 3239 hoc
1086 3189 1180 3243 tem-3

150 3280 356 3348 paramentum,
375 3279 405 3329 ut
421 3289 458 3330 ex
473 3269 584 3330 duobus
600 3290 721 3349 quorum
735 3269 901 3330 alterutrum
917 3267 993 3343 petis
1009 3263 1113 3340 eligam
1129 3265 1159 3325 id

149 3357 247 3432 potius
263 3357 291 3414 iu
306 3372 363 3432 quo
378 3371 435 3413 non
454 3353 548 3414 solum
565 3356 659 3415 studio
675 3365 725 3415 tuo
738 3369 840 3434 ¹uerum
855 3354 939 3411 etiam
953 3348 1060 3408 iudicio
1075 3351 1157 3410 satis·

149 3438 259 3497 faciam.
286 3437 389 3517 Neque
405 3439 480 3499 enim
497 3447 573 3498 tanto
590 3457 680 3517 opere
696 3438 763 3498 mibi
780 3434 1015 3496 considerandum
1030 3444 1075 3494 est
1089 3435 1158 3510 quid

104 2361 139 2415 25
