2588 4116
214 222 276 284 202
521 219 554 280 G.
576 219 673 281 Pthl
692 218 741 279 ΕΤ
763 215 921 279 TRAIANI

609 370 699 431 anui.
721 370 833 449 [xxva

554 468 717 520 Tauranus
734 468 840 519 PLlNIO
859 467 887 522 S.

277 573 316 634 Et
327 576 471 654 placator
485 572 586 632 multas
603 581 633 631 et
645 587 744 631 omnes
757 569 887 649 publicas
899 587 1000 629 causas
1012 567 1131 648 petendi
1148 585 1226 628 com·
1288 590 1293 655 p

214 668 325 719 meatus
346 656 507 719 reddidisti:
529 655 596 715 mihi
617 664 710 715 autem
729 654 778 714 vel
801 653 864 715 sola
884 652 1015 713 voluntas
1030 662 1077 712 tua
1092 652 1227 713 suffecis·
1291 713 1294 728 ,

215 752 271 803 set.
303 741 406 820 Neque
427 743 502 801 enim
523 739 621 800 dubito
638 748 687 816 te,
712 749 743 800 nt
756 741 876 817 primum
888 739 1034 817 potueris,
1061 736 1097 797 ad
1112 746 1169 796 tam
1184 736 1246 800 di·5
1288 742 1291 747 '

214 829 345 886 strictum
362 825 488 885 cilicium
507 840 699 885 reversurum.
730 823 854 883 Statuam
870 824 938 901 poni
953 821 1019 880 mihi
1036 831 1097 881 ate
1114 839 1152 880 co
1168 837 1226 900 quo

215 909 363 969 desideras
379 907 464 986 loco,
480 925 646 987 quamquam
661 906 800 967 eiusmodi
814 907 953 966 honorum
966 906 1168 985 parcissimus,
1185 915 1226 968 ta·

215 1011 281 1052 men
296 994 400 1070 patior,
416 1011 452 1052 ne
468 992 614 1070 inpedissc
631 1009 744 1052 cursum
761 1009 829 1068 erga
844 1008 890 1050 me
905 992 1019 1070 pietatis
1034 999 1101 1050 tuae
1114 988 1224 1050 videar.
1287 1028 1291 1047 ,

657 1143 693 1204 X.
722 1143 756 1202 V.
1287 1160 1291 1203 r

438 1244 465 1297 e.
484 1242 610 1294 ruinius
627 1145 771 1294 unnrlml
789 1241 995 1293 muuunronr.
1234 1175 1264 1225 1⁰
1287 1206 1290 1221 ’

193 1367 209 1418 1
281 1349 464 1430 Exprimere,
480 1349 605 1426 domine,
620 1349 717 1410 verbis
728 1365 786 1408 non
801 1364 919 1426 possum
935 1355 1039 1426 quanto
1054 1364 1101 1405 me
1119 1344 1223 1423 gaudio

216 1435 374 1497 adiecerint
397 1435 537 1512 epistulae
563 1444 646 1510 tuae,
673 1452 710 1493 ex
733 1432 837 1511 quibus
859 1432 982 1509 cognovi
1003 1440 1032 1490 tc
1055 1428 1223 1509 Harpocrati

215 1518 374 1597 iatraliptae
388 1536 454 1577 meo
471 1527 499 1578 et
518 1516 736 1576 Alexandrinam
758 1519 901 1576 civitatem
919 1515 1072 1592 tribuisse,
1096 1516 1222 1593 quamvis

216 1600 373 1662 secundum
394 1601 597 1660 institutionem
618 1602 779 1679 principum
798 1617 856 1661 uon
870 1609 979 1661 temere
995 1617 1057 1659 eam
1073 1597 1142 1659 dare
1157 1612 1262 1678 pro-15

215 1687 376 1766 posuisses.
397 1682 472 1744 Esse
488 1694 581 1743 autem
596 1683 761 1762 Harpocran
776 1685 884 1763 νομοῦ
896 1682 1118 1763 Μεμφιτικοῦ
1128 1682 1221 1742 indico

189 1770 276 1835 atibi.
309 1767 394 1844 Rogo
406 1785 496 1846 ergo,
518 1766 763 1845 indulgentissime
779 1769 949 1847 imperator,
972 1778 1002 1828 ut
1013 1767 1078 1827 mihi
1093 1765 1130 1828 ad
1142 1765 1222 1826 Pom-

216 1853 313 1931 peium
328 1850 463 1927 Plantam,
482 1849 660 1929 praelectum
673 1852 811 1932 Aegypti,
825 1855 944 1913 amicum
958 1861 1052 1930 tuum,
1068 1854 1142 1912 sicut
1156 1868 1222 1930 pro·

215 1937 327 2012 misisti,
340 1934 491 2015 epistulam
501 1936 603 1995 mittas.
626 1934 744 1995 Obviam
755 1939 855 2015 iturus,
872 1954 928 2017 quo
939 1938 1085 2014 maturius,
1099 1936 1222 2013 domine,

216 2021 424 2099 exoptatissimi
439 2019 577 2080 adventus
596 2021 637 2079 tui
655 2021 758 2098 gaudio
773 2022 828 2082 frui
844 2023 964 2102 possim,
986 2039 1059 2099 rogo
1075 2022 1262 2100 permittasao

215 2105 283 2164 mihi
298 2123 381 2184 quam
395 2103 561 2182 longissime
578 2120 732 2165 occumere
742 2106 802 2166 tihi.

646 2239 697 2300 XI.
733 2239 780 2298 vl.

439 2336 465 2385 c.
483 2337 608 2388 nunnius
624 2241 770 2387 rouralno
782 2242 995 2385 lacunarum.

190 2453 205 2503 1
275 2438 403 2497 Proxima
422 2438 564 2498 infirmitas
585 2455 665 2513 mea,
693 2438 822 2512 domine,
850 2435 987 2510 obligavit
1007 2451 1053 2493 me
1073 2433 1260 2510 Postuminus

214 2518 324 2578 Marino
338 2519 464 2586 medico;
487 2523 532 2577 cui
554 2537 651 2597 parem
666 2520 783 2594 gratiam
802 2517 912 2578 referre
927 2517 1070 2578 henelicio
1085 2528 1136 2579 tuo
1155 2540 1224 2600 pos·

215 2617 287 2676 sum,
305 2603 329 2660 si
346 2600 480 2678 precibus
497 2603 569 2660 meis
584 2619 622 2660 ex
639 2600 847 2662 consuetudine
861 2601 995 2663 honitatis
1010 2612 1075 2663 tuae
1093 2605 1223 2666 indulse-

187 2685 261 2751 2ris.
294 2681 379 2760 Rogo
400 2700 470 2760 ergo
489 2694 519 2743 ut
540 2686 709 2764 propinquis
730 2686 792 2746 eius
807 2685 859 2749 des
874 2687 1035 2766 civitatem,
1054 2685 1222 2769 Chrysippo

211 2765 378 2826 Mithridatis
390 2767 876 2850 uxoriqueChrysippiStratonicae
888 2770 1023 2852 Epigoni,
1039 2773 1107 2831 item
1121 2773 1221 2834 liberis

212 2849 341 2910 eiusdem
356 2847 526 2931 Chrysippi,
541 2851 674 2934 Epigono
690 2864 719 2915 et
733 2853 902 2933 Mithridati,
917 2857 955 2916 ita
969 2865 998 2915 ut
1012 2858 1068 2916 sint
1083 2856 1111 2915 in
1129 2858 1218 2935 patris
1227 2876 1260 2930 30

212 2943 356 3012 potestate
374 2944 463 3014 utque
485 2936 520 2996 iis
536 2938 564 2997 in
580 2938 701 3000 libertos
717 2950 848 3000 servetur
863 2942 907 2999 ius
921 2951 1112 3018 patronorum.
1146 2939 1220 3001 item

210 3035 284 3098 rogo
299 3018 448 3098 indulgeas
463 3021 507 3080 ius
521 3021 672 3095 Quiritium
684 3023 715 3082 h
735 3023 826 3084 Satrio
840 3023 1003 3089 Abascanto
1020 3033 1049 3083 et
1066 3023 1096 3082 P.
1113 3022 1219 3085 Caesio

210 3102 379 3183 Phosphoro
396 3114 425 3165 et
439 3103 611 3169 Panchariae
624 3107 762 3177 Soteridi;
778 3108 854 3188 quod
869 3127 886 3169 a
899 3118 929 3169 te
944 3108 1108 3169 volentibus
1122 3117 1219 3187 patro-

210 3190 254 3250 nis
270 3199 348 3268 peto.

622 3273 687 3334 rur.
707 3273 793 3354 [vu]
1226 3293 1259 3347 aa

431 3374 458 3426 G.
480 3373 606 3424 Pth'lUS
626 3372 770 3423 TRAIANO
789 3375 994 3425 IMPERATORI.

182 3480 200 3530 ι
270 3471 357 3553 Scio,
373 3472 504 3554 domins,
520 3476 673 3536 memoriae
689 3486 772 3555 tuae,
797 3495 870 3557 quae
886 3486 932 3538 est
946 3477 1021 3537 bene
1037 3476 1160 3537 faciendi
1174 3486 1219 3538 te·
