<?xml version="1.0" encoding="UTF-8"?>
<!DOCTYPE html PUBLIC "-//W3C//DTD XHTML 1.0 Transitional//EN"
    "http://www.w3.org/TR/xhtml1/DTD/xhtml1-transitional.dtd">
<html xmlns="http://www.w3.org/1999/xhtml" xml:lang="en" lang="en">
 <head>
  <title>
</title>
<meta http-equiv="Content-Type" content="text/html;charset=utf-8" />
  <meta name='ocr-system' content='tesseract 3.04.00' />
  <meta name='ocr-capabilities' content='ocr_page ocr_carea ocr_par ocr_line ocrx_word'/>
</head>
<body>
  <div class='ocr_page' id='page_1' title='image "./cplinicaccilise00plingoog_0173.png"; bbox 0 0 2588 4116; ppageno 0'>
   <div class='ocr_carea' id='block_1_1' title="bbox 345 256 1100 322">
    <p class='ocr_par' dir='ltr' id='par_1_1' title="bbox 345 256 1100 322">
     <span class='ocr_line' id='line_1_1' title="bbox 345 256 1100 322; baseline 0.007 -6"><span class='ocrx_word' id='word_1_1' title='bbox 345 256 606 317; x_wconf 78' lang='lat' dir='ltr'>EPISTULARUM</span> <span class='ocrx_word' id='word_1_2' title='bbox 621 257 697 317; x_wconf 85' lang='lat' dir='ltr'><strong>Vlll.</strong></span> <span class='ocrx_word' id='word_1_3' title='bbox 714 271 738 320; x_wconf 89' lang='grc'><strong>1.</strong></span> <span class='ocrx_word' id='word_1_4' title='bbox 754 271 779 320; x_wconf 81' lang='lat'><strong>2.</strong></span> <span class='ocrx_word' id='word_1_5' title='bbox 792 268 818 320; x_wconf 81' lang='lat'><strong>3.</strong></span> <span class='ocrx_word' id='word_1_6' title='bbox 832 269 858 321; x_wconf 82' lang='lat'><strong>4.</strong></span> <span class='ocrx_word' id='word_1_7' title='bbox 1041 261 1100 322; x_wconf 85' lang='lat'><strong>155</strong></span> 
     </span>
    </p>
   </div>
   <div class='ocr_carea' id='block_1_2' title="bbox 55 408 1202 2068">
    <p class='ocr_par' dir='ltr' id='par_1_2' title="bbox 55 408 1202 2068">
     <span class='ocr_line' id='line_1_2' title="bbox 99 408 1100 487; baseline -0.001 -16"><span class='ocrx_word' id='word_1_8' title='bbox 99 419 206 471; x_wconf 89' lang='lat' dir='ltr'><strong>emerat</strong></span> <span class='ocrx_word' id='word_1_9' title='bbox 225 409 375 468; x_wconf 83' lang='lat' dir='ltr'><strong>concessi:</strong></span> <span class='ocrx_word' id='word_1_10' title='bbox 397 408 499 468; x_wconf 93' lang='lat' dir='ltr'><strong>deinde</strong></span> <span class='ocrx_word' id='word_1_11' title='bbox 515 410 559 468; x_wconf 94' lang='lat' dir='ltr'><strong>his</strong></span> <span class='ocrx_word' id='word_1_12' title='bbox 581 411 628 486; x_wconf 90' lang='lat' dir='ltr'><strong>qui</strong></span> <span class='ocrx_word' id='word_1_13' title='bbox 644 410 829 486; x_wconf 90' lang='lat' dir='ltr'><strong>amplissimas</strong></span> <span class='ocrx_word' id='word_1_14' title='bbox 846 429 967 471; x_wconf 90' lang='lat' dir='ltr'><strong>summas</strong></span> <span class='ocrx_word' id='word_1_15' title='bbox 980 415 1100 487; x_wconf 93' lang='lat' dir='ltr'><strong>emptio·</strong></span> 
     </span>
     <span class='ocr_line' id='line_1_3' title="bbox 99 492 1099 571; baseline -0.001 -17"><span class='ocrx_word' id='word_1_16' title='bbox 99 494 182 554; x_wconf 91' lang='lat' dir='ltr'><strong>nibus</strong></span> <span class='ocrx_word' id='word_1_17' title='bbox 198 502 407 569; x_wconf 85' lang='lat' dir='ltr'><strong>occupaverant</strong></span> <span class='ocrx_word' id='word_1_18' title='bbox 424 493 576 569; x_wconf 91' lang='lat' dir='ltr'><strong>separatim</strong></span> <span class='ocrx_word' id='word_1_19' title='bbox 591 492 730 551; x_wconf 92' lang='lat' dir='ltr'><strong>consului.</strong></span> <span class='ocrx_word' id='word_1_20' title='bbox 759 493 829 551; x_wconf 90' lang='lat' dir='ltr'><strong>Nam</strong></span> <span class='ocrx_word' id='word_1_21' title='bbox 847 504 875 553; x_wconf 89' lang='lat' dir='ltr'><strong>et</strong></span> <span class='ocrx_word' id='word_1_22' title='bbox 890 495 934 553; x_wconf 88' lang='lat' dir='ltr'><strong>me</strong></span> <span class='ocrx_word' id='word_1_23' title='bbox 950 497 1039 571; x_wconf 90' lang='lat' dir='ltr'><strong>magis</strong></span> <span class='ocrx_word' id='word_1_24' title='bbox 1059 498 1099 553; x_wconf 93' lang='lat' dir='ltr'><strong>iu·</strong></span> 
     </span>
     <span class='ocr_line' id='line_1_4' title="bbox 98 575 1125 653; baseline 0.004 -19"><span class='ocrx_word' id='word_1_25' title='bbox 98 585 197 636; x_wconf 86' lang='lat' dir='ltr'><strong>verant</strong></span> <span class='ocrx_word' id='word_1_26' title='bbox 219 585 249 635; x_wconf 90' lang='lat' dir='ltr'><strong>et</strong></span> <span class='ocrx_word' id='word_1_27' title='bbox 270 577 358 634; x_wconf 91' lang='lat' dir='ltr'><strong>maius</strong></span> <span class='ocrx_word' id='word_1_28' title='bbox 377 576 432 652; x_wconf 93' lang='lat' dir='ltr'><strong>ipsi</strong></span> <span class='ocrx_word' id='word_1_29' title='bbox 453 575 581 635; x_wconf 78' lang='lat' dir='ltr'><strong>fecerant</strong></span> <span class='ocrx_word' id='word_1_30' title='bbox 599 575 735 634; x_wconf 90' lang='lat' dir='ltr'><strong>damnum.</strong></span> <span class='ocrx_word' id='word_1_31' title='bbox 766 576 857 652; x_wconf 80' lang='lat' dir='ltr'>Igitur</span> <span class='ocrx_word' id='word_1_32' title='bbox 877 577 920 637; x_wconf 91' lang='lat' dir='ltr'><strong>his</strong></span> <span class='ocrx_word' id='word_1_33' title='bbox 939 579 986 652; x_wconf 90' lang='lat' dir='ltr'><strong>qui</strong></span> <span class='ocrx_word' id='word_1_34' title='bbox 1011 577 1125 653; x_wconf 74' lang='lat' dir='ltr'><strong>plurisd</strong></span> 
     </span>
     <span class='ocr_line' id='line_1_5' title="bbox 100 657 1101 737; baseline -0.001 -19"><span class='ocrx_word' id='word_1_35' title='bbox 100 678 182 737; x_wconf 91' lang='lat' dir='ltr'><strong>quarn</strong></span> <span class='ocrx_word' id='word_1_36' title='bbox 203 659 305 719; x_wconf 92' lang='lat' dir='ltr'><strong>decem</strong></span> <span class='ocrx_word' id='word_1_37' title='bbox 325 657 439 717; x_wconf 89' lang='lat' dir='ltr'><strong>milibus</strong></span> <span class='ocrx_word' id='word_1_38' title='bbox 468 668 593 718; x_wconf 83' lang='lat' dir='ltr'><strong>emerant</strong></span> <span class='ocrx_word' id='word_1_39' title='bbox 620 657 655 717; x_wconf 92' lang='lat' dir='ltr'><strong>ad</strong></span> <span class='ocrx_word' id='word_1_40' title='bbox 676 658 753 718; x_wconf 90' lang='lat' dir='ltr'><strong>illam</strong></span> <span class='ocrx_word' id='word_1_41' title='bbox 774 676 950 718; x_wconf 90' lang='lat' dir='ltr'><strong>communem</strong></span> <span class='ocrx_word' id='word_1_42' title='bbox 966 668 999 732; x_wconf 42' lang='lat' dir='ltr'><strong>,et</strong></span> <span class='ocrx_word' id='word_1_43' title='bbox 1022 662 1101 736; x_wconf 83' lang='lat' dir='ltr'>quasi</span> 
     </span>
     <span class='ocr_line' id='line_1_6' title="bbox 76 740 1101 821; baseline -0.004 -17"><span class='ocrx_word' id='word_1_44' title='bbox 76 743 242 821; x_wconf 84' lang='lat' dir='ltr'><strong>5publicam</strong></span> <span class='ocrx_word' id='word_1_45' title='bbox 262 752 389 802; x_wconf 90' lang='lat' dir='ltr'><strong>octavam</strong></span> <span class='ocrx_word' id='word_1_46' title='bbox 409 740 502 800; x_wconf 90' lang='lat' dir='ltr'><strong>addidi</strong></span> <span class='ocrx_word' id='word_1_47' title='bbox 523 743 668 801; x_wconf 82' lang='lat' dir='ltr'><strong>decumam</strong></span> <span class='ocrx_word' id='word_1_48' title='bbox 692 745 752 801; x_wconf 90' lang='lat' dir='ltr'><strong>eius</strong></span> <span class='ocrx_word' id='word_1_49' title='bbox 779 759 902 803; x_wconf 91' lang='lat' dir='ltr'><strong>summae</strong></span> <span class='ocrx_word' id='word_1_50' title='bbox 925 759 979 819; x_wconf 87' lang='lat' dir='ltr'><strong>qua</strong></span> <span class='ocrx_word' id='word_1_51' title='bbox 1001 742 1101 801; x_wconf 89' lang='lat' dir='ltr'><strong>decern</strong></span> 
     </span>
     <span class='ocr_line' id='line_1_7' title="bbox 100 824 1126 903; baseline 0.002 -20"><span class='ocrx_word' id='word_1_52' title='bbox 100 825 175 885; x_wconf 89' lang='lat' dir='ltr'><strong>milia</strong></span> <span class='ocrx_word' id='word_1_53' title='bbox 189 835 385 886; x_wconf 77' lang='lat' dir='ltr'><strong>excesserant.</strong></span> <span class='ocrx_word' id='word_1_54' title='bbox 404 824 515 884; x_wconf 87' lang='lat' dir='ltr'><strong>Vereor</strong></span> <span class='ocrx_word' id='word_1_55' title='bbox 528 844 564 884; x_wconf 91' lang='lat' dir='ltr'><strong>ne</strong></span> <span class='ocrx_word' id='word_1_56' title='bbox 577 843 673 903; x_wconf 92' lang='lat' dir='ltr'><strong>parum</strong></span> <span class='ocrx_word' id='word_1_57' title='bbox 688 828 893 903; x_wconf 65' lang='lat' dir='ltr'><strong>expresserim</strong></span> <span class='ocrx_word' id='word_1_58' title='bbox 907 826 1032 903; x_wconf 86' lang='lat' dir='ltr'><strong>apertius</strong></span> <span class='ocrx_word' id='word_1_59' title='bbox 1045 824 1126 885; x_wconf 84' lang='lat' dir='ltr'><strong>cal-5</strong></span> 
     </span>
     <span class='ocr_line' id='line_1_8' title="bbox 100 908 1101 986; baseline 0 -19"><span class='ocrx_word' id='word_1_60' title='bbox 100 908 180 968; x_wconf 89' lang='lat' dir='ltr'><strong>culos</strong></span> <span class='ocrx_word' id='word_1_61' title='bbox 194 909 348 968; x_wconf 91' lang='lat' dir='ltr'><strong>ostendam.</strong></span> <span class='ocrx_word' id='word_1_62' title='bbox 372 909 402 966; x_wconf 89' lang='lat' dir='ltr'><strong>Si</strong></span> <span class='ocrx_word' id='word_1_63' title='bbox 419 911 466 986; x_wconf 86' lang='lat' dir='ltr'><strong>qui</strong></span> <span class='ocrx_word' id='word_1_64' title='bbox 481 908 554 967; x_wconf 89' lang='lat' dir='ltr'><strong>forte</strong></span> <span class='ocrx_word' id='word_1_65' title='bbox 570 909 730 986; x_wconf 89' lang='lat' dir='ltr'><strong>quindecim</strong></span> <span class='ocrx_word' id='word_1_66' title='bbox 743 909 854 968; x_wconf 90' lang='lat' dir='ltr'><strong>milibus</strong></span> <span class='ocrx_word' id='word_1_67' title='bbox 870 918 1011 985; x_wconf 81' lang='lat' dir='ltr'><strong>emerant,</strong></span> <span class='ocrx_word' id='word_1_68' title='bbox 1029 908 1056 965; x_wconf 91' lang='lat' dir='ltr'><strong>bi</strong></span> <span class='ocrx_word' id='word_1_69' title='bbox 1072 917 1101 967; x_wconf 88' lang='lat' dir='ltr'><strong>et</strong></span> 
     </span>
     <span class='ocr_line' id='line_1_9' title="bbox 99 990 1101 1070; baseline -0.001 -20"><span class='ocrx_word' id='word_1_70' title='bbox 99 992 259 1070; x_wconf 89' lang='lat' dir='ltr'><strong>quindecim</strong></span> <span class='ocrx_word' id='word_1_71' title='bbox 276 991 383 1050; x_wconf 90' lang='lat' dir='ltr'><strong>milium</strong></span> <span class='ocrx_word' id='word_1_72' title='bbox 399 1000 526 1051; x_wconf 89' lang='lat' dir='ltr'><strong>octavam</strong></span> <span class='ocrx_word' id='word_1_73' title='bbox 548 1000 577 1050; x_wconf 90' lang='lat' dir='ltr'><strong>et</strong></span> <span class='ocrx_word' id='word_1_74' title='bbox 598 994 721 1069; x_wconf 88' lang='lat' dir='ltr'><strong>quinque</strong></span> <span class='ocrx_word' id='word_1_75' title='bbox 742 992 848 1051; x_wconf 90' lang='lat' dir='ltr'><strong>milium</strong></span> <span class='ocrx_word' id='word_1_76' title='bbox 869 992 1005 1050; x_wconf 86' lang='lat' dir='ltr'><strong>decimam</strong></span> <span class='ocrx_word' id='word_1_77' title='bbox 1028 990 1101 1050; x_wconf 93' lang='lat' dir='ltr'><strong>tule-</strong></span> 
     </span>
     <span class='ocr_line' id='line_1_10' title="bbox 98 1074 1126 1152; baseline 0 -20"><span class='ocrx_word' id='word_1_78' title='bbox 98 1085 172 1135; x_wconf 88' lang='lat' dir='ltr'><strong>runt.</strong></span> <span class='ocrx_word' id='word_1_79' title='bbox 203 1074 370 1152; x_wconf 87' lang='lat' dir='ltr'><strong>Praeterea,</strong></span> <span class='ocrx_word' id='word_1_80' title='bbox 393 1092 456 1132; x_wconf 89' lang='lat' dir='ltr'><strong>oum</strong></span> <span class='ocrx_word' id='word_1_81' title='bbox 475 1085 637 1151; x_wconf 88' lang='lat' dir='ltr'><strong>reputarem</strong></span> <span class='ocrx_word' id='word_1_82' title='bbox 654 1074 789 1152; x_wconf 87' lang='lat' dir='ltr'><strong>quosdam</strong></span> <span class='ocrx_word' id='word_1_83' title='bbox 809 1094 846 1134; x_wconf 89' lang='lat' dir='ltr'><strong>ex</strong></span> <span class='ocrx_word' id='word_1_84' title='bbox 863 1074 958 1135; x_wconf 92' lang='lat' dir='ltr'><strong>debito</strong></span> <span class='ocrx_word' id='word_1_85' title='bbox 976 1074 1126 1151; x_wconf 87' lang='lat' dir='ltr'><strong>aliquan-6</strong></span> 
     </span>
     <span class='ocr_line' id='line_1_11' title="bbox 56 1157 1101 1236; baseline -0.003 -18"><span class='ocrx_word' id='word_1_86' title='bbox 56 1174 91 1224; x_wconf 90' lang='lat'><strong>10</strong></span> <span class='ocrx_word' id='word_1_87' title='bbox 98 1168 174 1234; x_wconf 86' lang='lat' dir='ltr'><strong>tum,</strong></span> <span class='ocrx_word' id='word_1_88' title='bbox 193 1157 330 1235; x_wconf 90' lang='lat' dir='ltr'><strong>quosdam</strong></span> <span class='ocrx_word' id='word_1_89' title='bbox 347 1157 468 1235; x_wconf 87' lang='lat' dir='ltr'><strong>aliquid,</strong></span> <span class='ocrx_word' id='word_1_90' title='bbox 492 1158 627 1234; x_wconf 87' lang='lat' dir='ltr'><strong>quosdam</strong></span> <span class='ocrx_word' id='word_1_91' title='bbox 639 1158 708 1216; x_wconf 86' lang='lat' dir='ltr'><strong>nihil</strong></span> <span class='ocrx_word' id='word_1_92' title='bbox 724 1161 908 1236; x_wconf 82' lang='lat' dir='ltr'><strong>reposuisse,</strong></span> <span class='ocrx_word' id='word_1_93' title='bbox 924 1175 1101 1234; x_wconf 78' lang='lat' dir='ltr'><strong>nequaquam</strong></span> 
     </span>
     <span class='ocr_line' id='line_1_12' title="bbox 99 1240 1100 1318; baseline -0.002 -18"><span class='ocrx_word' id='word_1_94' title='bbox 99 1260 198 1302; x_wconf 91' lang='lat' dir='ltr'><strong>verum</strong></span> <span class='ocrx_word' id='word_1_95' title='bbox 213 1241 376 1317; x_wconf 87' lang='lat' dir='ltr'><strong>arbitrabar,</strong></span> <span class='ocrx_word' id='word_1_96' title='bbox 393 1258 464 1318; x_wconf 89' lang='lat' dir='ltr'><strong>quos</strong></span> <span class='ocrx_word' id='word_1_97' title='bbox 479 1258 535 1299; x_wconf 94' lang='lat' dir='ltr'><strong>non</strong></span> <span class='ocrx_word' id='word_1_98' title='bbox 551 1250 702 1318; x_wconf 87' lang='lat' dir='ltr'><strong>aequasset</strong></span> <span class='ocrx_word' id='word_1_99' title='bbox 720 1241 790 1300; x_wconf 85' lang='lat' dir='ltr'><strong>tides</strong></span> <span class='ocrx_word' id='word_1_100' title='bbox 806 1241 966 1316; x_wconf 80' lang='lat' dir='ltr'><strong>solutionis,</strong></span> <span class='ocrx_word' id='word_1_101' title='bbox 981 1240 1034 1300; x_wconf 91' lang='lat' dir='ltr'><strong>bos</strong></span> <span class='ocrx_word' id='word_1_102' title='bbox 1051 1242 1100 1299; x_wconf 92' lang='lat' dir='ltr'><strong>be·</strong></span> 
     </span>
     <span class='ocr_line' id='line_1_13' title="bbox 98 1321 1125 1401; baseline -0.005 -17"><span class='ocrx_word' id='word_1_103' title='bbox 98 1327 234 1400; x_wconf 84' lang='lat' dir='ltr'><strong>nignitate</strong></span> <span class='ocrx_word' id='word_1_104' title='bbox 255 1325 430 1383; x_wconf 89' lang='lat' dir='ltr'><strong>remissionis</strong></span> <span class='ocrx_word' id='word_1_105' title='bbox 450 1340 581 1401; x_wconf 86' lang='lat' dir='ltr'><strong>aequare.</strong></span> <span class='ocrx_word' id='word_1_106' title='bbox 613 1322 722 1383; x_wconf 90' lang='lat' dir='ltr'><strong>Rursus</strong></span> <span class='ocrx_word' id='word_1_107' title='bbox 744 1340 816 1398; x_wconf 89' lang='lat' dir='ltr'><strong>ergo</strong></span> <span class='ocrx_word' id='word_1_108' title='bbox 831 1323 876 1382; x_wconf 92' lang='lat' dir='ltr'><strong>his</strong></span> <span class='ocrx_word' id='word_1_109' title='bbox 892 1324 939 1399; x_wconf 87' lang='lat' dir='ltr'><strong>qui</strong></span> <span class='ocrx_word' id='word_1_110' title='bbox 958 1321 1125 1382; x_wconf 73' lang='lat' dir='ltr'><strong>solverant</strong></span> 
     </span>
     <span class='ocr_line' id='line_1_14' title="bbox 99 1405 1100 1484; baseline -0.002 -18"><span class='ocrx_word' id='word_1_111' title='bbox 99 1409 163 1467; x_wconf 89' lang='lat' dir='ltr'><strong>eius</strong></span> <span class='ocrx_word' id='word_1_112' title='bbox 181 1405 257 1484; x_wconf 88' lang='lat' dir='ltr'><strong>quod</strong></span> <span class='ocrx_word' id='word_1_113' title='bbox 272 1406 415 1466; x_wconf 91' lang='lat' dir='ltr'><strong>solverant</strong></span> <span class='ocrx_word' id='word_1_114' title='bbox 430 1406 567 1465; x_wconf 90' lang='lat' dir='ltr'><strong>decimam</strong></span> <span class='ocrx_word' id='word_1_115' title='bbox 579 1407 685 1465; x_wconf 90' lang='lat' dir='ltr'><strong>remisi.</strong></span> <span class='ocrx_word' id='word_1_116' title='bbox 717 1405 772 1465; x_wconf 87' lang='lat' dir='ltr'><strong>Per</strong></span> <span class='ocrx_word' id='word_1_117' title='bbox 792 1406 847 1464; x_wconf 91' lang='lat' dir='ltr'><strong>boc</strong></span> <span class='ocrx_word' id='word_1_118' title='bbox 865 1408 938 1464; x_wconf 90' lang='lat' dir='ltr'><strong>enirn</strong></span> <span class='ocrx_word' id='word_1_119' title='bbox 953 1406 1100 1481; x_wconf 83' lang='lat' dir='ltr'><strong>aptissime</strong></span> 
     </span>
     <span class='ocr_line' id='line_1_15' title="bbox 99 1487 1099 1567; baseline -0.005 -17"><span class='ocrx_word' id='word_1_120' title='bbox 99 1500 128 1550; x_wconf 89' lang='lat' dir='ltr'><strong>et</strong></span> <span class='ocrx_word' id='word_1_121' title='bbox 144 1493 172 1549; x_wconf 96' lang='lat' dir='ltr'><strong>in</strong></span> <span class='ocrx_word' id='word_1_122' title='bbox 187 1491 370 1567; x_wconf 87' lang='lat' dir='ltr'><strong>praeteritum</strong></span> <span class='ocrx_word' id='word_1_123' title='bbox 387 1489 506 1566; x_wconf 87' lang='lat' dir='ltr'><strong>singulis</strong></span> <span class='ocrx_word' id='word_1_124' title='bbox 526 1506 578 1566; x_wconf 91' lang='lat' dir='ltr'><strong>pro</strong></span> <span class='ocrx_word' id='word_1_125' title='bbox 601 1491 740 1566; x_wconf 88' lang='lat' dir='ltr'><strong>cuiusque</strong></span> <span class='ocrx_word' id='word_1_126' title='bbox 757 1491 859 1548; x_wconf 89' lang='lat' dir='ltr'><strong>merito</strong></span> <span class='ocrx_word' id='word_1_127' title='bbox 877 1490 967 1565; x_wconf 90' lang='lat' dir='ltr'><strong>gratia</strong></span> <span class='ocrx_word' id='word_1_128' title='bbox 986 1487 1099 1562; x_wconf 83' lang='lat' dir='ltr'><strong>referri,</strong></span> 
     </span>
     <span class='ocr_line' id='line_1_16' title="bbox 56 1570 1100 1634; baseline -0.006 0"><span class='ocrx_word' id='word_1_129' title='bbox 56 1573 425 1634; x_wconf 86' lang='lat' dir='ltr'><strong>15etinluturumomnes</strong></span> <span class='ocrx_word' id='word_1_130' title='bbox 443 1572 558 1632; x_wconf 91' lang='lat' dir='ltr'><strong>eumad</strong></span> <span class='ocrx_word' id='word_1_131' title='bbox 579 1573 726 1632; x_wconf 90' lang='lat' dir='ltr'><strong>emendum</strong></span> <span class='ocrx_word' id='word_1_132' title='bbox 747 1582 805 1632; x_wconf 89' lang='lat' dir='ltr'><strong>tum</strong></span> <span class='ocrx_word' id='word_1_133' title='bbox 827 1573 910 1632; x_wconf 88' lang='lat' dir='ltr'><strong>etiarn</strong></span> <span class='ocrx_word' id='word_1_134' title='bbox 930 1570 965 1631; x_wconf 92' lang='lat' dir='ltr'><strong>ad</strong></span> <span class='ocrx_word' id='word_1_135' title='bbox 987 1571 1100 1631; x_wconf 89' lang='lat' dir='ltr'><strong>solven-</strong></span> 
     </span>
     <span class='ocr_line' id='line_1_17' title="bbox 99 1655 1127 1734; baseline -0.005 -18"><span class='ocrx_word' id='word_1_136' title='bbox 99 1657 164 1716; x_wconf 92' lang='lat' dir='ltr'><strong>dum</strong></span> <span class='ocrx_word' id='word_1_137' title='bbox 179 1656 254 1716; x_wconf 92' lang='lat' dir='ltr'><strong>allici</strong></span> <span class='ocrx_word' id='word_1_138' title='bbox 268 1657 442 1717; x_wconf 91' lang='lat' dir='ltr'><strong>videbantur.</strong></span> <span class='ocrx_word' id='word_1_139' title='bbox 465 1656 569 1734; x_wconf 84' lang='lat' dir='ltr'><strong>Magno</strong></span> <span class='ocrx_word' id='word_1_140' title='bbox 586 1655 653 1715; x_wconf 91' lang='lat' dir='ltr'><strong>mihi</strong></span> <span class='ocrx_word' id='word_1_141' title='bbox 669 1676 721 1717; x_wconf 90' lang='lat' dir='ltr'><strong>seu</strong></span> <span class='ocrx_word' id='word_1_142' title='bbox 741 1658 812 1715; x_wconf 86' lang='lat' dir='ltr'><strong>ratio</strong></span> <span class='ocrx_word' id='word_1_143' title='bbox 828 1656 900 1716; x_wconf 91' lang='lat' dir='ltr'><strong>baec</strong></span> <span class='ocrx_word' id='word_1_144' title='bbox 915 1675 966 1715; x_wconf 92' lang='lat' dir='ltr'><strong>seu</strong></span> <span class='ocrx_word' id='word_1_145' title='bbox 982 1655 1127 1714; x_wconf 81' lang='lat' dir='ltr'><strong>facilitastt</strong></span> 
     </span>
     <span class='ocr_line' id='line_1_18' title="bbox 99 1740 1161 1818; baseline -0.005 -17"><span class='ocrx_word' id='word_1_146' title='bbox 99 1743 195 1818; x_wconf 87' lang='lat' dir='ltr'><strong>stetit,</strong></span> <span class='ocrx_word' id='word_1_147' title='bbox 220 1740 272 1800; x_wconf 91' lang='lat' dir='ltr'><strong>sed</strong></span> <span class='ocrx_word' id='word_1_148' title='bbox 289 1740 340 1801; x_wconf 85' lang='lat' dir='ltr'><strong>fuit</strong></span> <span class='ocrx_word' id='word_1_149' title='bbox 355 1743 431 1801; x_wconf 92' lang='lat' dir='ltr'><strong>tanti.</strong></span> <span class='ocrx_word' id='word_1_150' title='bbox 464 1740 535 1799; x_wconf 90' lang='lat' dir='ltr'><strong>Nam</strong></span> <span class='ocrx_word' id='word_1_151' title='bbox 551 1742 669 1816; x_wconf 89' lang='lat' dir='ltr'><strong>regione</strong></span> <span class='ocrx_word' id='word_1_152' title='bbox 685 1750 743 1800; x_wconf 90' lang='lat' dir='ltr'><strong>tota</strong></span> <span class='ocrx_word' id='word_1_153' title='bbox 759 1750 788 1800; x_wconf 91' lang='lat' dir='ltr'><strong>et</strong></span> <span class='ocrx_word' id='word_1_154' title='bbox 799 1742 909 1800; x_wconf 91' lang='lat' dir='ltr'><strong>novitas</strong></span> <span class='ocrx_word' id='word_1_155' title='bbox 923 1740 1099 1799; x_wconf 88' lang='lat' dir='ltr'><strong>remissionis</strong></span> <span class='ocrx_word' id='word_1_156' title='bbox 1158 1780 1161 1785; x_wconf 84' lang='lat'><em>-</em></span> 
     </span>
     <span class='ocr_line' id='line_1_19' title="bbox 99 1822 1099 1902; baseline -0.003 -20"><span class='ocrx_word' id='word_1_157' title='bbox 99 1834 128 1884; x_wconf 93' lang='lat' dir='ltr'><strong>et</strong></span> <span class='ocrx_word' id='word_1_158' title='bbox 143 1824 232 1884; x_wconf 88' lang='lat' dir='ltr'><strong>lonna</strong></span> <span class='ocrx_word' id='word_1_159' title='bbox 251 1823 386 1884; x_wconf 90' lang='lat' dir='ltr'><strong>laudatur.</strong></span> <span class='ocrx_word' id='word_1_160' title='bbox 419 1823 464 1882; x_wconf 87' lang='lat' dir='ltr'><strong>Ex</strong></span> <span class='ocrx_word' id='word_1_161' title='bbox 478 1825 550 1902; x_wconf 91' lang='lat' dir='ltr'><strong>ipsis</strong></span> <span class='ocrx_word' id='word_1_162' title='bbox 566 1826 665 1899; x_wconf 89' lang='lat' dir='ltr'><strong>etiarn,</strong></span> <span class='ocrx_word' id='word_1_163' title='bbox 688 1841 761 1902; x_wconf 85' lang='lat' dir='ltr'><strong>quos</strong></span> <span class='ocrx_word' id='word_1_164' title='bbox 775 1841 831 1883; x_wconf 92' lang='lat' dir='ltr'><strong>non</strong></span> <span class='ocrx_word' id='word_1_165' title='bbox 848 1842 917 1899; x_wconf 92' lang='lat' dir='ltr'><strong>una,</strong></span> <span class='ocrx_word' id='word_1_166' title='bbox 940 1833 969 1882; x_wconf 94' lang='lat' dir='ltr'><strong>ut</strong></span> <span class='ocrx_word' id='word_1_167' title='bbox 987 1822 1099 1898; x_wconf 86' lang='lat' dir='ltr'><strong>dicitur,</strong></span> 
     </span>
     <span class='ocr_line' id='line_1_20' title="bbox 98 1905 1202 1986; baseline -0.004 -20"><span class='ocrx_word' id='word_1_168' title='bbox 98 1910 208 1985; x_wconf 89' lang='lat' dir='ltr'><strong>pertica</strong></span> <span class='ocrx_word' id='word_1_169' title='bbox 224 1906 276 1967; x_wconf 89' lang='lat' dir='ltr'><strong>sed</strong></span> <span class='ocrx_word' id='word_1_170' title='bbox 291 1908 423 1968; x_wconf 87' lang='lat' dir='ltr'><strong>distincte</strong></span> <span class='ocrx_word' id='word_1_171' title='bbox 440 1908 632 1986; x_wconf 83' lang='lat' dir='ltr'><strong>gradatimque</strong></span> <span class='ocrx_word' id='word_1_172' title='bbox 646 1909 781 1983; x_wconf 86' lang='lat' dir='ltr'><strong>tractavi,</strong></span> <span class='ocrx_word' id='word_1_173' title='bbox 803 1916 906 1984; x_wconf 87' lang='lat' dir='ltr'><strong>quanto</strong></span> <span class='ocrx_word' id='word_1_174' title='bbox 923 1909 985 1984; x_wconf 86' lang='lat' dir='ltr'><strong>quis</strong></span> <span class='ocrx_word' id='word_1_175' title='bbox 999 1905 1101 1964; x_wconf 90' lang='lat' dir='ltr'><strong>melior</strong></span> <span class='ocrx_word' id='word_1_176' title='bbox 1200 1942 1202 1947; x_wconf 83' lang='lat'><em>.</em></span> 
     </span>
     <span class='ocr_line' id='line_1_21' title="bbox 55 1986 1100 2068; baseline -0.003 -19"><span class='ocrx_word' id='word_1_177' title='bbox 55 2001 128 2056; x_wconf 70' lang='lat' dir='ltr'><strong>anet</strong></span> <span class='ocrx_word' id='word_1_178' title='bbox 142 1992 261 2068; x_wconf 88' lang='lat' dir='ltr'><strong>probior</strong></span> <span class='ocrx_word' id='word_1_179' title='bbox 276 1999 354 2049; x_wconf 90' lang='lat' dir='ltr'><strong>tanto</strong></span> <span class='ocrx_word' id='word_1_180' title='bbox 369 1990 435 2048; x_wconf 90' lang='lat' dir='ltr'><strong>mihi</strong></span> <span class='ocrx_word' id='word_1_181' title='bbox 458 1990 608 2065; x_wconf 81' lang='lat' dir='ltr'><strong>obligatior</strong></span> <span class='ocrx_word' id='word_1_182' title='bbox 621 1989 701 2065; x_wconf 87' lang='lat' dir='ltr'><strong>abiit,</strong></span> <span class='ocrx_word' id='word_1_183' title='bbox 716 1999 853 2067; x_wconf 88' lang='lat' dir='ltr'><strong>expertus</strong></span> <span class='ocrx_word' id='word_1_184' title='bbox 868 2008 925 2048; x_wconf 95' lang='lat' dir='ltr'><strong>non</strong></span> <span class='ocrx_word' id='word_1_185' title='bbox 943 2007 1009 2048; x_wconf 91' lang='lat' dir='ltr'><strong>esse</strong></span> <span class='ocrx_word' id='word_1_186' title='bbox 1025 1986 1100 2065; x_wconf 92' lang='lat' dir='ltr'><strong>apud</strong></span> 
     </span>
    </p>
   </div>
   <div class='ocr_carea' id='block_1_3' title="bbox 99 2062 985 2151">
    <p class='ocr_par' dir='ltr' id='par_1_3' title="bbox 99 2062 985 2151">
     <span class='ocr_line' id='line_1_22' title="bbox 99 2062 985 2151; baseline -0.003 -20"><span class='ocrx_word' id='word_1_187' title='bbox 99 2091 145 2133; x_wconf 91' lang='lat' dir='ltr'><strong>me</strong></span> <span class='ocrx_word' id='word_1_188' title='bbox 162 2070 199 2132; x_wconf 79' lang='grc' dir='ltr'><strong>ἐν</strong></span> <span class='ocrx_word' id='word_1_189' title='bbox 211 2064 247 2131; x_wconf 73' lang='lat' dir='ltr'><strong>di</strong></span> <span class='ocrx_word' id='word_1_190' title='bbox 260 2071 293 2151; x_wconf 77' lang='grc' dir='ltr'><strong>ἰῇ</strong></span> <span class='ocrx_word' id='word_1_191' title='bbox 304 2072 382 2151; x_wconf 76' lang='grc' dir='ltr'><em>τιμῇ</em></span> <span class='ocrx_word' id='word_1_192' title='bbox 394 2062 478 2150; x_wconf 78' lang='grc' dir='ltr'><strong>ἠμὲν</strong></span> <span class='ocrx_word' id='word_1_193' title='bbox 490 2063 591 2142; x_wconf 82' lang='grc' dir='ltr'><strong><em>κακὸς</em></strong></span> <span class='ocrx_word' id='word_1_194' title='bbox 603 2063 662 2149; x_wconf 75' lang='grc' dir='ltr'><strong>ἠδὲ</strong></span> <span class='ocrx_word' id='word_1_195' title='bbox 674 2066 728 2129; x_wconf 80' lang='grc' dir='ltr'><strong>καὶ</strong></span> <span class='ocrx_word' id='word_1_196' title='bbox 740 2065 871 2142; x_wconf 81' lang='grc' dir='ltr'><em>ἐσθλός.</em></span> <span class='ocrx_word' id='word_1_197' title='bbox 904 2069 985 2130; x_wconf 89' lang='lat' dir='ltr'><strong>Vale.</strong></span> 
     </span>
    </p>
   </div>
   <div class='ocr_carea' id='block_1_4' title="bbox 380 2201 823 2354">
    <p class='ocr_par' dir='ltr' id='par_1_4' title="bbox 380 2201 823 2354">
     <span class='ocr_line' id='line_1_23' title="bbox 576 2201 626 2262; baseline -0.04 0"><span class='ocrx_word' id='word_1_198' title='bbox 576 2201 626 2262; x_wconf 89' lang='lat' dir='ltr'><strong>lll.</strong></span> 
     </span>
     <span class='ocr_line' id='line_1_24' title="bbox 380 2299 823 2354; baseline 0.002 -3"><span class='ocrx_word' id='word_1_199' title='bbox 380 2301 408 2354; x_wconf 85' lang='lat' dir='ltr'><strong>c.</strong></span> <span class='ocrx_word' id='word_1_200' title='bbox 429 2299 555 2351; x_wconf 77' lang='lat' dir='ltr'><strong>ruimus</strong></span> <span class='ocrx_word' id='word_1_201' title='bbox 576 2299 697 2350; x_wconf 74' lang='lat' dir='ltr'><strong>sponso</strong></span> <span class='ocrx_word' id='word_1_202' title='bbox 717 2299 777 2351; x_wconf 87' lang='lat' dir='ltr'><strong>suo</strong></span> <span class='ocrx_word' id='word_1_203' title='bbox 796 2299 823 2352; x_wconf 77' lang='lat' dir='ltr'><strong>a.</strong></span> 
     </span>
    </p>
   </div>
   <div class='ocr_carea' id='block_1_5' title="bbox 56 2402 1128 3232">
    <p class='ocr_par' dir='ltr' id='par_1_5' title="bbox 56 2402 1127 2816">
     <span class='ocr_line' id='line_1_25' title="bbox 56 2402 1126 2486; baseline -0.008 -19"><span class='ocrx_word' id='word_1_204' title='bbox 56 2425 91 2476; x_wconf 73' lang='lat'><strong>25</strong></span> <span class='ocrx_word' id='word_1_205' title='bbox 161 2407 273 2467; x_wconf 85' lang='lat' dir='ltr'><strong>Librum</strong></span> <span class='ocrx_word' id='word_1_206' title='bbox 285 2424 369 2486; x_wconf 90' lang='lat' dir='ltr'><strong>quem</strong></span> <span class='ocrx_word' id='word_1_207' title='bbox 384 2407 539 2466; x_wconf 86' lang='lat' dir='ltr'><strong>novissime</strong></span> <span class='ocrx_word' id='word_1_208' title='bbox 556 2407 607 2466; x_wconf 91' lang='lat' dir='ltr'><strong>tibi</strong></span> <span class='ocrx_word' id='word_1_209' title='bbox 622 2407 685 2466; x_wconf 92' lang='lat' dir='ltr'><strong>misi</strong></span> <span class='ocrx_word' id='word_1_210' title='bbox 700 2425 737 2465; x_wconf 90' lang='lat' dir='ltr'><strong>ex</strong></span> <span class='ocrx_word' id='word_1_211' title='bbox 752 2405 880 2464; x_wconf 90' lang='lat' dir='ltr'><strong>omnibus</strong></span> <span class='ocrx_word' id='word_1_212' title='bbox 897 2406 968 2463; x_wconf 91' lang='lat' dir='ltr'><strong>meis</strong></span> <span class='ocrx_word' id='word_1_213' title='bbox 984 2402 1032 2460; x_wconf 89' lang='lat' dir='ltr'><strong>vel</strong></span> <span class='ocrx_word' id='word_1_214' title='bbox 1047 2417 1126 2468; x_wconf 88' lang='lat' dir='ltr'><strong>ma·1</strong></span> 
     </span>
     <span class='ocr_line' id='line_1_26' title="bbox 98 2484 1101 2568; baseline -0.007 -18"><span class='ocrx_word' id='word_1_215' title='bbox 98 2493 173 2550; x_wconf 88' lang='lat' dir='ltr'><strong>xime</strong></span> <span class='ocrx_word' id='word_1_216' title='bbox 189 2490 306 2568; x_wconf 86' lang='lat' dir='ltr'><strong>placere</strong></span> <span class='ocrx_word' id='word_1_217' title='bbox 323 2491 474 2567; x_wconf 84' lang='lat' dir='ltr'><strong>significas.</strong></span> <span class='ocrx_word' id='word_1_218' title='bbox 507 2489 560 2548; x_wconf 88' lang='lat' dir='ltr'><strong>Est</strong></span> <span class='ocrx_word' id='word_1_219' title='bbox 579 2490 677 2549; x_wconf 87' lang='lat' dir='ltr'><strong>eadem</strong></span> <span class='ocrx_word' id='word_1_220' title='bbox 696 2491 791 2566; x_wconf 92' lang='lat' dir='ltr'><strong>opinio</strong></span> <span class='ocrx_word' id='word_1_221' title='bbox 811 2487 955 2548; x_wconf 88' lang='lat' dir='ltr'><strong>cuiusdam</strong></span> <span class='ocrx_word' id='word_1_222' title='bbox 972 2484 1101 2545; x_wconf 89' lang='lat' dir='ltr'><strong>eruditis-</strong></span> 
     </span>
     <span class='ocr_line' id='line_1_27' title="bbox 102 2572 1127 2650; baseline -0.001 -17"><span class='ocrx_word' id='word_1_223' title='bbox 102 2576 173 2634; x_wconf 90' lang='lat' dir='ltr'><strong>simi.</strong></span> <span class='ocrx_word' id='word_1_224' title='bbox 198 2572 262 2645; x_wconf 85' lang='lat' dir='ltr'><strong>Quo</strong></span> <span class='ocrx_word' id='word_1_225' title='bbox 277 2575 365 2650; x_wconf 90' lang='lat' dir='ltr'><strong>magis</strong></span> <span class='ocrx_word' id='word_1_226' title='bbox 382 2573 507 2632; x_wconf 90' lang='lat' dir='ltr'><strong>adducor</strong></span> <span class='ocrx_word' id='word_1_227' title='bbox 520 2583 550 2633; x_wconf 96' lang='lat' dir='ltr'><strong>ut</strong></span> <span class='ocrx_word' id='word_1_228' title='bbox 562 2584 692 2633; x_wconf 90' lang='lat' dir='ltr'><strong>neutrum</strong></span> <span class='ocrx_word' id='word_1_229' title='bbox 707 2572 766 2632; x_wconf 88' lang='lat' dir='ltr'><strong>ialli</strong></span> <span class='ocrx_word' id='word_1_230' title='bbox 781 2581 889 2649; x_wconf 91' lang='lat' dir='ltr'><strong>putem,</strong></span> <span class='ocrx_word' id='word_1_231' title='bbox 907 2573 971 2650; x_wconf 86' lang='lat' dir='ltr'><strong>quia</strong></span> <span class='ocrx_word' id='word_1_232' title='bbox 987 2586 1043 2628; x_wconf 92' lang='lat' dir='ltr'><strong>non</strong></span> <span class='ocrx_word' id='word_1_233' title='bbox 1057 2577 1127 2632; x_wconf 68' lang='lat' dir='ltr'><strong>esta</strong></span> 
     </span>
     <span class='ocr_line' id='line_1_28' title="bbox 102 2651 1102 2734; baseline -0.003 -20"><span class='ocrx_word' id='word_1_234' title='bbox 102 2654 240 2715; x_wconf 88' lang='lat' dir='ltr'><strong>credibile</strong></span> <span class='ocrx_word' id='word_1_235' title='bbox 261 2664 408 2733; x_wconf 88' lang='lat' dir='ltr'><strong>utrumque</strong></span> <span class='ocrx_word' id='word_1_236' title='bbox 431 2656 490 2715; x_wconf 90' lang='lat' dir='ltr'><strong>lalli</strong></span> <span class='ocrx_word' id='word_1_237' title='bbox 512 2665 540 2716; x_wconf 88' lang='lat' dir='ltr'><strong>et</strong></span> <span class='ocrx_word' id='word_1_238' title='bbox 564 2659 627 2734; x_wconf 87' lang='lat' dir='ltr'><strong>quia</strong></span> <span class='ocrx_word' id='word_1_239' title='bbox 651 2668 744 2717; x_wconf 89' lang='lat' dir='ltr'><strong>tamen</strong></span> <span class='ocrx_word' id='word_1_240' title='bbox 765 2654 893 2715; x_wconf 91' lang='lat' dir='ltr'><strong>blandior</strong></span> <span class='ocrx_word' id='word_1_241' title='bbox 917 2653 994 2713; x_wconf 90' lang='lat' dir='ltr'><strong>mihi.</strong></span> <span class='ocrx_word' id='word_1_242' title='bbox 1025 2651 1102 2711; x_wconf 90' lang='lat' dir='ltr'><strong>Volo</strong></span> 
     </span>
     <span class='ocr_line' id='line_1_29' title="bbox 103 2738 1102 2816; baseline -0.004 -19"><span class='ocrx_word' id='word_1_243' title='bbox 103 2740 176 2798; x_wconf 93' lang='lat' dir='ltr'><strong>enim</strong></span> <span class='ocrx_word' id='word_1_244' title='bbox 192 2738 318 2816; x_wconf 90' lang='lat' dir='ltr'><strong>proxima</strong></span> <span class='ocrx_word' id='word_1_245' title='bbox 336 2755 465 2816; x_wconf 86' lang='lat' dir='ltr'><strong>quaeque</strong></span> <span class='ocrx_word' id='word_1_246' title='bbox 487 2740 694 2800; x_wconf 89' lang='lat' dir='ltr'><strong>absolutissima</strong></span> <span class='ocrx_word' id='word_1_247' title='bbox 710 2739 817 2816; x_wconf 80' lang='lat' dir='ltr'><strong>rideri,</strong></span> <span class='ocrx_word' id='word_1_248' title='bbox 836 2749 864 2798; x_wconf 91' lang='lat' dir='ltr'><strong>et</strong></span> <span class='ocrx_word' id='word_1_249' title='bbox 880 2738 946 2797; x_wconf 92' lang='lat' dir='ltr'><strong>ideo</strong></span> <span class='ocrx_word' id='word_1_250' title='bbox 959 2739 1013 2796; x_wconf 92' lang='lat' dir='ltr'><strong>iam</strong></span> <span class='ocrx_word' id='word_1_251' title='bbox 1027 2754 1102 2794; x_wconf 90' lang='lat' dir='ltr'><strong>nuno</strong></span> 
     </span>
    </p>

    <p class='ocr_par' dir='ltr' id='par_1_6' title="bbox 58 2818 1128 3232">
     <span class='ocr_line' id='line_1_30' title="bbox 58 2818 1103 2902; baseline -0.008 -19"><span class='ocrx_word' id='word_1_252' title='bbox 58 2830 201 2883; x_wconf 67' lang='lat' dir='ltr'><strong>bocontra</strong></span> <span class='ocrx_word' id='word_1_253' title='bbox 220 2823 304 2880; x_wconf 89' lang='lat' dir='ltr'><strong>istum</strong></span> <span class='ocrx_word' id='word_1_254' title='bbox 324 2818 426 2879; x_wconf 90' lang='lat' dir='ltr'><strong>librum</strong></span> <span class='ocrx_word' id='word_1_255' title='bbox 449 2821 531 2880; x_wconf 89' lang='lat' dir='ltr'><strong>faveo</strong></span> <span class='ocrx_word' id='word_1_256' title='bbox 553 2824 671 2882; x_wconf 90' lang='lat' dir='ltr'><strong>orationi</strong></span> <span class='ocrx_word' id='word_1_257' title='bbox 692 2840 775 2902; x_wconf 84' lang='lat' dir='ltr'><strong>quam</strong></span> <span class='ocrx_word' id='word_1_258' title='bbox 797 2840 889 2899; x_wconf 90' lang='lat' dir='ltr'><strong>nuper</strong></span> <span class='ocrx_word' id='word_1_259' title='bbox 909 2823 936 2879; x_wconf 93' lang='lat' dir='ltr'><strong>in</strong></span> <span class='ocrx_word' id='word_1_260' title='bbox 956 2819 1103 2898; x_wconf 86' lang='lat' dir='ltr'><strong>publicum</strong></span> 
     </span>
     <span class='ocr_line' id='line_1_31' title="bbox 102 2901 1101 2983; baseline -0.005 -20"><span class='ocrx_word' id='word_1_261' title='bbox 102 2904 185 2982; x_wconf 92' lang='lat' dir='ltr'><strong>dedi,</strong></span> <span class='ocrx_word' id='word_1_262' title='bbox 208 2906 460 2964; x_wconf 89' lang='lat' dir='ltr'><strong>communicaturus</strong></span> <span class='ocrx_word' id='word_1_263' title='bbox 481 2913 590 2981; x_wconf 86' lang='lat' dir='ltr'><strong>tecum,</strong></span> <span class='ocrx_word' id='word_1_264' title='bbox 614 2916 643 2965; x_wconf 90' lang='lat' dir='ltr'><strong>ut</strong></span> <span class='ocrx_word' id='word_1_265' title='bbox 664 2909 782 2983; x_wconf 90' lang='lat' dir='ltr'><strong>primurn</strong></span> <span class='ocrx_word' id='word_1_266' title='bbox 803 2905 968 2982; x_wconf 90' lang='lat' dir='ltr'><strong>diligentem</strong></span> <span class='ocrx_word' id='word_1_267' title='bbox 986 2901 1101 2962; x_wconf 90' lang='lat' dir='ltr'><strong>tabella·</strong></span> 
     </span>
     <span class='ocr_line' id='line_1_32' title="bbox 101 2986 1128 3066; baseline -0.005 -20"><span class='ocrx_word' id='word_1_268' title='bbox 101 2991 172 3047; x_wconf 90' lang='lat' dir='ltr'><strong>rium</strong></span> <span class='ocrx_word' id='word_1_269' title='bbox 191 2990 337 3047; x_wconf 92' lang='lat' dir='ltr'><strong>invenero.</strong></span> <span class='ocrx_word' id='word_1_270' title='bbox 368 2986 455 3046; x_wconf 84' lang='lat' dir='ltr'><strong>Erexi</strong></span> <span class='ocrx_word' id='word_1_271' title='bbox 472 2991 716 3065; x_wconf 87' lang='lat' dir='ltr'><strong>exspectationem</strong></span> <span class='ocrx_word' id='word_1_272' title='bbox 733 2999 823 3063; x_wconf 92' lang='lat' dir='ltr'><strong>tuam,</strong></span> <span class='ocrx_word' id='word_1_273' title='bbox 846 3005 928 3066; x_wconf 90' lang='lat' dir='ltr'><strong>quam</strong></span> <span class='ocrx_word' id='word_1_274' title='bbox 946 3003 1051 3045; x_wconf 89' lang='lat' dir='ltr'><strong>vereor</strong></span> <span class='ocrx_word' id='word_1_275' title='bbox 1065 2990 1128 3042; x_wconf 78' lang='lat' dir='ltr'><strong>nea</strong></span> 
     </span>
     <span class='ocr_line' id='line_1_33' title="bbox 102 3066 1101 3148; baseline -0.007 -18"><span class='ocrx_word' id='word_1_276' title='bbox 102 3071 235 3132; x_wconf 89' lang='lat' dir='ltr'><strong>destituat</strong></span> <span class='ocrx_word' id='word_1_277' title='bbox 252 3072 340 3130; x_wconf 92' lang='lat' dir='ltr'><strong>oratio</strong></span> <span class='ocrx_word' id='word_1_278' title='bbox 355 3072 382 3128; x_wconf 93' lang='lat' dir='ltr'><strong>in</strong></span> <span class='ocrx_word' id='word_1_279' title='bbox 394 3087 490 3131; x_wconf 86' lang='lat' dir='ltr'><strong>manus</strong></span> <span class='ocrx_word' id='word_1_280' title='bbox 506 3079 624 3148; x_wconf 88' lang='lat' dir='ltr'><strong>sumpta.</strong></span> <span class='ocrx_word' id='word_1_281' title='bbox 654 3070 769 3131; x_wconf 91' lang='lat' dir='ltr'><strong>lnterim</strong></span> <span class='ocrx_word' id='word_1_282' title='bbox 782 3081 875 3129; x_wconf 88' lang='lat' dir='ltr'><strong>tamen</strong></span> <span class='ocrx_word' id='word_1_283' title='bbox 889 3079 1028 3146; x_wconf 85' lang='lat' dir='ltr'><strong>tamquam</strong></span> <span class='ocrx_word' id='word_1_284' title='bbox 1043 3066 1101 3144; x_wconf 90' lang='lat' dir='ltr'><strong>pla·</strong></span> 
     </span>
     <span class='ocr_line' id='line_1_34' title="bbox 104 3152 839 3232; baseline -0.005 -18"><span class='ocrx_word' id='word_1_285' title='bbox 104 3157 229 3232; x_wconf 89' lang='lat' dir='ltr'><strong>cituram,</strong></span> <span class='ocrx_word' id='word_1_286' title='bbox 246 3163 275 3214; x_wconf 87' lang='lat' dir='ltr'><strong>et</strong></span> <span class='ocrx_word' id='word_1_287' title='bbox 289 3153 412 3214; x_wconf 86' lang='lat' dir='ltr'><strong>fortasse</strong></span> <span class='ocrx_word' id='word_1_288' title='bbox 428 3153 564 3231; x_wconf 85' lang='lat' dir='ltr'><strong>placebit,</strong></span> <span class='ocrx_word' id='word_1_289' title='bbox 581 3164 727 3231; x_wconf 89' lang='lat' dir='ltr'><strong>exspecta.</strong></span> <span class='ocrx_word' id='word_1_290' title='bbox 760 3152 839 3213; x_wconf 88' lang='lat' dir='ltr'><strong>Vale.</strong></span> 
     </span>
    </p>
   </div>
   <div class='ocr_carea' id='block_1_6' title="bbox 60 3251 634 3346">
    <p class='ocr_par' dir='ltr' id='par_1_7' title="bbox 60 3251 634 3346">
     <span class='ocr_line' id='line_1_35' title="bbox 60 3251 634 3346; baseline 0 0"><span class='ocrx_word' id='word_1_291' title='bbox 60 3251 94 3304; x_wconf 73' lang='lat'><strong>³⁶</strong></span> <span class='ocrx_word' id='word_1_292' title='bbox 570 3285 634 3346; x_wconf 93' lang='lat' dir='ltr'><strong>uu.</strong></span> 
     </span>
    </p>
   </div>
   <div class='ocr_carea' id='block_1_7' title="bbox 384 3360 824 3436">
    <p class='ocr_par' dir='ltr' id='par_1_8' title="bbox 384 3360 824 3436">
     <span class='ocr_line' id='line_1_36' title="bbox 384 3360 824 3436; baseline -0.005 -2"><span class='ocrx_word' id='word_1_293' title='bbox 384 3385 409 3434; x_wconf 90' lang='lat' dir='ltr'><strong>c.</strong></span> <span class='ocrx_word' id='word_1_294' title='bbox 429 3383 552 3436; x_wconf 73' lang='lat' dir='ltr'><strong>surmus</strong></span> <span class='ocrx_word' id='word_1_295' title='bbox 571 3383 699 3434; x_wconf 77' lang='lat' dir='ltr'><strong>anurnio</strong></span> <span class='ocrx_word' id='word_1_296' title='bbox 718 3360 777 3432; x_wconf 88' lang='lat' dir='ltr'><strong>suo</strong></span> <span class='ocrx_word' id='word_1_297' title='bbox 797 3380 824 3432; x_wconf 83' lang='lat' dir='ltr'><strong>S.</strong></span> 
     </span>
    </p>
   </div>
   <div class='ocr_carea' id='block_1_8' title="bbox 167 3484 1244 3568">
    <p class='ocr_par' dir='ltr' id='par_1_9' title="bbox 167 3484 1244 3568">
     <span class='ocr_line' id='line_1_37' title="bbox 167 3484 1244 3568; baseline -0.006 -18"><span class='ocrx_word' id='word_1_298' title='bbox 167 3490 280 3568; x_wconf 89' lang='lat' dir='ltr'><strong>Optime</strong></span> <span class='ocrx_word' id='word_1_299' title='bbox 301 3490 372 3550; x_wconf 89' lang='lat' dir='ltr'><strong>lacis</strong></span> <span class='ocrx_word' id='word_1_300' title='bbox 393 3487 469 3567; x_wconf 84' lang='lat' dir='ltr'><strong>quod</strong></span> <span class='ocrx_word' id='word_1_301' title='bbox 490 3486 596 3546; x_wconf 92' lang='lat' dir='ltr'><strong>bellum</strong></span> <span class='ocrx_word' id='word_1_302' title='bbox 616 3485 753 3553; x_wconf 79' lang='lat' dir='ltr'><strong>Dacicum</strong></span> <span class='ocrx_word' id='word_1_303' title='bbox 768 3484 896 3544; x_wconf 89' lang='lat' dir='ltr'><strong>scribere</strong></span> <span class='ocrx_word' id='word_1_304' title='bbox 911 3499 1003 3561; x_wconf 86' lang='lat' dir='ltr'><strong>paras.</strong></span> <span class='ocrx_word' id='word_1_305' title='bbox 1038 3485 1132 3545; x_wconf 87' lang='lat' dir='ltr'><strong>Namt</strong></span> <span class='ocrx_word' id='word_1_306' title='bbox 1240 3547 1244 3554; x_wconf 72' lang='grc'><em>,</em></span> 
     </span>
    </p>
   </div>
   <div class='ocr_carea' id='block_1_9' title="bbox 0 0 1304 4116">
    <p class='ocr_par' dir='ltr' id='par_1_10' title="bbox 0 0 1304 4116">
     <span class='ocr_line' id='line_1_38' title="bbox 0 0 1304 4116; baseline 0 0"><span class='ocrx_word' id='word_1_307' title='bbox 0 0 1304 4116; x_wconf 95' lang='lat' dir='ltr'><strong> </strong></span> 
     </span>
    </p>
   </div>
  </div>
 </body>
</html>
