2588 4116
357 267 623 330 PANEGYRICUS
644 278 686 333 at.
701 280 743 334 28·
756 279 800 334 29.
813 281 856 334 30.
1046 273 1109 335 255

100 423 152 482 tibi
170 421 302 480 conscius
317 422 352 481 ab
367 422 555 482 insectatione
571 424 633 482 eius
649 433 795 482 averteres
809 423 926 498 lamam,
942 441 998 484 nec
1015 435 1044 484 ut
1060 428 1107 484 tri·

101 515 162 564 stes
177 505 318 563 hominum
334 515 517 583 maestosque
533 523 678 566 sermones
693 506 813 566 laetiore
825 509 940 567 materia
952 506 1106 569 detineres.

100 587 212 647 Nullam
229 591 374 665 congiario
392 589 521 667 culpam,
538 588 640 648 nullam
656 589 795 649 alimentis
812 589 1009 650 crudelitatem
1024 591 1107 651 redc-

99 674 191 747 misti,
212 690 267 730 nec
283 672 332 731 tibi
354 673 429 732 bene
449 672 573 733 faciendi
593 673 646 731 luit
669 691 754 733 causa
770 683 800 732 ut
817 690 890 751 quae
905 672 978 733 male
994 673 1108 735 ieceras

70 758 204 833 5inpnne
219 755 353 815 fecisses.
385 756 475 816 Amor
490 755 623 832 inpendio
639 759 712 834 isto,
734 773 790 815 non
806 759 889 817 venia
906 759 1033 835 quaesita
1049 767 1106 835 est,

100 838 281 918 populusque
303 839 446 901 Romanus
464 840 608 917 obligatus
624 858 640 900 a
655 840 785 900 tribunali
806 849 873 918 tuo,
899 857 956 900 non
971 851 1106 902 exoratus

98 923 232 983 recessit.
257 922 391 984 Obtulisti
408 927 482 983 enim
499 925 673 1001 congiarium
688 924 877 1002 gaudentibus
891 923 1037 1000 gaudem,
1060 943 1107 984 se·

100 1025 243 1085 nurusque
260 1010 385 1076 securis;
409 1008 544 1086 quodque
559 1018 641 1069 antea
657 1010 802 1087 principes
817 1008 853 1067 ad
870 1007 964 1067 odium
979 1010 1022 1068 sni
1037 1007 1107 1067 leni·

100 1090 204 1151 endum
225 1090 396 1150 tumentibus
417 1090 511 1169 plebis
528 1094 627 1152 animis
650 1092 848 1168 obiectabont‚
875 1089 903 1150 id
918 1100 948 1151 tu
961 1101 1015 1152 tam
1028 1093 1106 1150 inno·

51 1181 89 1232 10
101 1193 171 1234 cens
183 1173 291 1252 populo
304 1173 407 1232 dedisti
420 1192 501 1252 quam
512 1176 636 1252 populns
647 1178 769 1254 accepit.
791 1175 879 1235 Paulo
890 1178 993 1252 minus,
1010 1185 1107 1252 patres
1135 1195 1140 1202 ·

101 1258 274 1334 conscripti,
290 1259 414 1335 quinque
427 1257 501 1317 milia
513 1261 700 1335 ingenuorum
715 1259 845 1334 luerunt,
864 1276 936 1335 quae
951 1259 1106 1320 liberalitas

99 1341 237 1419 principis
259 1343 349 1400 nostri
366 1343 553 1418 conquisivit,
579 1343 703 1418 invenit,
729 1341 859 1402 adscivit.
896 1341 931 1400 lli
952 1341 1108 1407 subsidium

100 1424 258 1501 bellorum,
285 1436 477 1485 ornamentum
492 1428 572 1504 pacis
588 1425 711 1504 publicis
727 1425 886 1502 sumptibus
903 1424 1031 1501 aluntur,
1060 1443 1107 1502 pa·

101 1511 239 1586 triamque
254 1525 311 1568 non
327 1519 357 1568 ut
370 1512 486 1588 patriam
510 1519 613 1570 tantum
628 1527 726 1568 verum
740 1519 771 1568 ut
787 1509 915 1569 altricem
929 1527 1022 1568 amare
1040 1526 1107 1568 oon·

53 1593 222 1654 iddiscunt
241 1591 287 1651 Ex
301 1591 345 1652 bis
361 1603 469 1670 castra,
487 1612 524 1653 ex
538 1594 581 1654 brs
595 1594 684 1654 tribus
700 1591 903 1677 replebuntur,
920 1611 956 1653 ex
967 1592 1011 1653 brs
1021 1611 1107 1670 quan

100 1677 193 1755 doque
207 1686 359 1737 nascentur
371 1678 472 1755 quibus
484 1678 621 1738 alimentis
635 1695 709 1756 opus
720 1695 777 1737 nou
791 1680 837 1738 sit.
855 1669 938 1737 Dent
953 1677 1018 1752 tibi,
1036 1674 1107 1736 Cae·

101 1778 163 1837 sar,
183 1769 303 1821 aetatem
317 1761 355 1820 dii
371 1780 452 1840 quam
468 1764 603 1839 mereris,
632 1772 804 1841 serventque
820 1765 939 1823 animum
954 1779 1038 1838 quem
1059 1760 1108 1820 de·

101 1843 216 1904 demut:
235 1854 264 1905 et
279 1855 383 1922 quanto
402 1848 535 1906 maiorem
550 1847 695 1907 inlantinm
712 1847 821 1906 turbam
836 1849 938 1906 iterum
955 1855 1040 1924 atque
1056 1847 1108 1904 ite·

100 1946 162 1986 rum
175 1927 286 1988 videbis
300 1929 401 1988 incidi!
429 1931 560 2006 Augetur
575 1933 649 1989 enim
666 1930 770 1989 cotidie
786 1938 815 1989 et
832 1932 955 2005 crescit,
971 1947 1027 1988 non
1044 1932 1109 2005 quia

53 2015 227 2079 macariotes
242 2011 407 2089 parentibus
423 2012 523 2087 liberi,
541 2011 592 2072 sed
608 2015 671 2089 quia
687 2014 810 2090 principi
826 2016 914 2072 cives.
936 2012 1024 2072 Dabis
1041 2029 1108 2071 con·

100 2095 204 2171 giaria
222 2096 246 2151 si
262 2093 359 2161 voles;
377 2095 536 2171 praestabis
554 2093 702 2172 alimenta,
719 2096 743 2154 si
759 2094 856 2154 voles:
879 2095 919 2154 illi
936 2104 1026 2154 tamen
1042 2112 1107 2173 pro-

101 2188 165 2255 pter
179 2186 208 2236 te
224 2186 385 2236 nascuntur.

162 2259 254 2320 Instar
275 2278 331 2338 ego
361 2263 492 2339 perpetui
518 2263 654 2337 congiarii
676 2279 743 2322 reor
768 2262 946 2343 adlluentiam
968 2277 1104 2320 annonae
1117 2259 1159 2323 29

100 2345 188 2405 Huius
204 2343 354 2422 aliquando
371 2364 438 2406 cura
452 2344 590 2423 Pompeio
605 2364 663 2406 non
680 2349 769 2406 minus
784 2344 890 2404 addidit
904 2331 1012 2420 gloriae
1026 2361 1108 2421 quam

54 2450 90 2501 25
101 2429 200 2508 pulsus
219 2430 337 2490 ambitus
355 2447 472 2508 campo,
492 2439 609 2489 exactus
626 2430 716 2490 hostis
730 2431 819 2505 mari,
843 2427 945 2488 Oriens
959 2427 1107 2505 triumphis

101 2513 303 2591 Occidensque
317 2514 461 2574 lustratus.
483 2513 546 2573 Neo
562 2531 631 2574 vero
647 2513 696 2573 ille
712 2512 824 2574 civilius
840 2530 921 2591 quarn
938 2530 1041 2590 parens
1056 2530 1107 2572 no·

100 2609 160 2658 ster
181 2600 348 2657 auctoritate
371 2598 492 2658 consilio
513 2598 568 2658 lide
590 2598 709 2658 reclusit
723 2600 801 2674 vias,
827 2606 927 2675 portus
944 2596 1106 2674 patefecit,

56 2679 62 2689 '
101 2684 201 2741 itinera
215 2683 316 2756 terris,
334 2681 463 2741 litoribus
477 2699 570 2756 marc,
588 2681 670 2742 litora
683 2684 751 2741 mari
766 2681 905 2757 reddidit,
922 2681 1108 2758 diversasque

100 2773 204 2842 gentes
220 2765 258 2823 ita
275 2767 445 2824 commercio
460 2767 573 2825 miscuit
588 2775 634 2841 nt,
656 2765 732 2844 quod
747 2766 871 2842 genitum
885 2775 964 2826 essct
978 2782 1107 2843 usquam,

54 2870 92 2923 30
100 2850 127 2908 id
142 2847 216 2926 apud
232 2865 330 2909 omncs
344 2857 437 2908 natum
453 2868 520 2909 esse
534 2848 686 2909 videretur.
714 2849 815 2909 Nonne
838 2869 957 2909 cernere
980 2849 1060 2909 datur
1079 2857 1109 2908 ut

100 2937 162 2994 sine
175 2932 260 2992 ullius
272 2935 370 2992 iniuria
382 2935 472 2992 omnis
484 2933 582 2992 usibus
594 2935 699 2994 nostris
715 2953 802 2994 annus
816 2930 976 2994 exuberet?
993 2932 1108 3011 Quippe

99 3037 156 3078 non
172 3027 201 3077 ut
216 3037 254 3078 ex
264 3018 376 3077 hostico
388 3027 487 3096 raptae
502 3019 699 3095 perituraeque
714 3020 741 3077 in
757 3019 867 3078 horreis
881 3036 993 3077 messes
1009 3018 1108 3092 nequi·
1149 3059 1152 3064 .

102 3121 184 3180 quam
200 3102 393 3180 quiritantibus
409 3103 496 3161 sociis
512 3100 684 3161 auferuntur.
706 3101 857 3161 Devebunt
872 3103 926 3178 ipsi
942 3099 1018 3178 quod
1034 3109 1109 3158 terra

101 3189 210 3264 genuit,
226 3186 301 3264 quod
316 3186 393 3247 sidus
409 3184 488 3262 aluit,
505 3185 581 3263 quod
595 3204 682 3246 annus
695 3185 769 3260 tulit,
786 3203 840 3243 nec
855 3186 937 3242 novis
951 3182 1109 3241 indictioni·

56 3273 153 3336 diibus
168 3273 261 3349 pressi
276 3268 310 3330 ad
324 3280 422 3330 vetera
438 3270 540 3330 tributa
555 3270 698 3329 deliciunt.
726 3268 801 3328 Emit
817 3268 903 3328 fiscus
919 3264 1054 3344 quidquid
1067 3267 1107 3324 vi·

102 3356 184 3415 detur
200 3373 306 3415 emere.
340 3354 409 3414 lnde
427 3357 545 3430 copiae,
571 3353 636 3413 inde
648 3371 774 3427 annona,
801 3351 837 3410 de
853 3369 907 3428 qua
927 3351 1002 3409 inter
1018 3349 1106 3409 licen-

101 3450 158 3499 tem
173 3441 401 3517 vendentemque
418 3440 584 3514 conveniat,
601 3437 666 3496 inde
679 3437 726 3494 hic
739 3437 872 3510 satietas,
892 3452 946 3494 neo
958 3432 1047 3494 fames
1060 3453 1106 3493 us·

103 3542 196 3603 qnam.
211 3525 364 3605 Aegyptus
377 3523 485 3584 alendis
496 3521 690 3600 augendisque
703 3519 856 3580 seminibus
871 3521 908 3579 ita
923 3519 1043 3595 gloriata
1059 3527 1103 3576 est
1116 3517 1157 3577 30
