2588 4116
449 216 713 279 EPISTULARUM
735 217 784 277 lll.
809 229 850 282 19.
1110 218 1149 280 63

588 369 708 439 xvllll.

360 488 386 540 c.
406 488 532 539 ausurus
553 486 702 538 onuursro
722 487 805 538 auro
826 485 886 537 sun
905 488 923 536 s

184 621 311 688 Adsumo
335 636 362 686 te
383 629 412 686 in
434 625 582 685 consilium
602 628 644 685 rei
664 626 825 703 familiaris,
852 639 882 688 ut
903 628 994 690 soleo.
1034 626 1172 694 Praedia1

114 715 219 790 5agris
240 713 311 770 meis
334 713 425 770 uicina
443 721 528 788 atque
551 713 634 770 etiarn
649 713 755 771 inserta
769 711 880 771 venalia
896 723 968 773 sunt.
998 713 1030 774 ln
1044 714 1088 776 bis
1103 730 1148 771 me

139 797 227 856 multa
249 794 418 871 sollicitant,
441 794 533 872 aliqua
554 812 609 854 nec
627 797 734 856 minora
750 795 903 856 deterrent.
936 797 1076 858 Sollicitat
1092 798 1174 875 pri-2

139 899 215 940 mum
228 881 291 958 ipsa
307 877 487 958 pulchritudo
507 879 658 957 iungendi,
680 879 782 939 deinde
804 881 880 959 quod
901 898 958 941 non
972 884 1063 942 minus
1079 882 1148 942 utilc

141 982 224 1044 quarn
239 962 441 1041 voluptuosum
455 981 544 1043 posse
560 975 678 1042 utraque
695 964 793 1024 eadent
810 983 907 1042 opera,
925 966 1028 1026 codem
1043 969 1147 1028 viatico

139 1051 276 1123 invisere,
293 1047 344 1106 sub
361 1047 463 1107 eodem
478 1057 664 1126 procuratore
680 1066 713 1108 ac
728 1067 819 1127 paene
833 1049 923 1110 isdcnr
938 1051 1082 1111 actoribus
1100 1052 1146 1110 ba·

97 1133 221 1208 lohere,
238 1149 320 1191 unam
333 1130 428 1190 villam
451 1131 549 1191 colere
565 1142 594 1192 et
610 1150 726 1208 ornare,
749 1132 865 1193 alteram
878 1143 984 1194 tantum
998 1137 1079 1195 tueri.
1102 1135 1173 1195 In·3

139 1225 185 1278 est
199 1216 266 1275 huic
289 1217 491 1293 computationi
512 1226 639 1296 sumptus
662 1215 869 1294 supellectilis,
892 1229 1021 1296 sumptus
1044 1221 1145 1278 atrien-

138 1303 222 1377 sium,
238 1302 433 1378 topiariorum,
450 1299 594 1359 fabrorum
609 1310 693 1377 atque
709 1302 791 1359 etiarn
806 1303 944 1360 venatorii
956 1303 1146 1371 instrumenti;

138 1402 213 1462 quac
229 1382 379 1463 plurimum
400 1383 490 1444 refert
510 1402 595 1442 unuin
615 1382 755 1442 inlocum
777 1383 909 1444 conferas
930 1401 965 1443 an
986 1386 1014 1442 in
1035 1384 1147 1445 diversa

138 1468 300 1546 dispergas.
332 1466 436 1527 Contra
456 1485 561 1528 uereor
582 1487 618 1526 ne
641 1469 678 1527 sit
698 1469 840 1527 incautum
860 1486 921 1527 rem
941 1477 996 1530 tarn
1019 1476 1173 1544 magnaml

95 1558 128 1608 15
137 1553 229 1613 isdem
251 1551 486 1630 tempestatibus,
512 1551 603 1612 isdem
624 1551 738 1612 casibus
761 1551 900 1612 subdere:
927 1554 1013 1612 tutius
1035 1552 1147 1612 videtur

136 1639 247 1696 incerta
273 1635 402 1696 fortunae
429 1638 645 1715 possessionum
670 1637 852 1695 varietatibus
878 1639 1010 1714 experiri.
1054 1636 1147 1696 Habet

137 1722 221 1780 etiarn
236 1719 352 1780 multum
367 1719 545 1781 iucunditatis
562 1719 617 1780 soli
630 1720 761 1798 caelique
776 1722 889 1780 mutatio
901 1723 1021 1799 ipsaque
1034 1720 1081 1781 illa
1094 1739 1144 1799 po·
1184 1744 1196 1767 ι

134 1805 290 1881 regrinatio
311 1806 385 1864 inter
407 1823 465 1865 sua.
499 1805 574 1882 larn,
602 1803 678 1883 quod
701 1803 913 1864 deliberationis
928 1814 1042 1866 nostrae
1060 1815 1170 1884 caput5

136 1898 199 1964 est,
230 1890 290 1964 agri
313 1898 377 1947 suut
399 1888 510 1948 fertiles
532 1890 653 1966 pingues
675 1892 792 1966 aquosi,
822 1899 952 1950 constant
973 1892 1080 1968 campis
1103 1892 1143 1948 vi·

90 1973 200 2034 cuneis
217 1972 314 2047 silvis,
337 1990 410 2050 quae
424 1973 567 2031 materiam
584 1981 612 2030 ct
628 1990 665 2030 ex
680 1991 714 2031 ea
730 1973 850 2031 reditum
865 1975 939 2033 sicut
953 1973 1095 2032 modicum
1107 1977 1144 2034 ita

135 2065 240 2116 statum
263 2063 416 2131 praestant.
449 2054 508 2113 Sed
528 2055 600 2113 baec
623 2053 745 2114 felicitas
761 2065 855 2114 terrac
870 2055 1013 2116 inbecillis
1030 2057 1171 2119 cultori-6

134 2140 192 2198 bus
215 2137 357 2212 fatigatur.
385 2134 456 2194 Nam
476 2152 632 2215 possessor
647 2139 725 2214 prior
740 2139 855 2214 saepius
871 2139 998 2197 vendidit
1013 2142 1143 2216 pignora,

135 2232 166 2281 et
182 2219 248 2279 dum
259 2219 372 2300 reliqua
388 2218 552 2279 colonorum
565 2221 662 2280 minuit
677 2221 712 2279 ad
727 2229 850 2296 tompus,
866 2223 943 2280 vires
956 2224 984 2279 in
998 2232 1145 2299 posterum

136 2305 285 2378 exhausit,
309 2321 425 2381 quarum
447 2303 611 2364 defectione
630 2322 728 2364 rursus
749 2302 860 2382 reliqua
880 2315 1040 2364 creverunt.
1076 2305 1170 2366 Suntl

90 2393 126 2445 25
137 2406 209 2467 ergo
231 2386 387 2448 instruendi
403 2405 439 2446 eo
459 2388 549 2467 pluris
565 2388 641 2467 quod
663 2388 737 2465 frugi
752 2389 914 2468 mancipiis:
937 2406 1000 2448 nam
1011 2407 1064 2449 nec
1080 2391 1144 2468 ipse

135 2491 254 2552 usquam
262 2473 376 2532 vinctos
386 2472 478 2533 babeo
488 2491 543 2532 nec
552 2473 590 2532 ibi
601 2474 756 2551 quisquam.
769 2472 909 2551 Superest
921 2483 950 2533 ut
962 2476 1037 2534 scias
1049 2475 1144 2552 quanti

134 2557 285 2617 videantur
301 2573 389 2636 posse
406 2559 475 2627 emi;
490 2559 623 2618 sestertio
637 2559 753 2633 tricies,
770 2575 826 2616 non
843 2561 908 2636 quia
922 2575 978 2616 non
992 2557 1142 2637 aliquando

137 2643 323 2721 quinquagies
339 2640 452 2716 fuerint,
469 2660 567 2701 verum
583 2652 612 2700 et
627 2641 680 2702 bac
697 2644 831 2719 paenuria
847 2641 1013 2702 colonorum
1025 2653 1053 2702 et
1066 2660 1142 2701 com·

137 2728 212 2785 muni
229 2727 367 2805 temporis
388 2727 533 2802 iniquitate
550 2737 580 2786 ut
594 2725 702 2786 reditus
722 2743 853 2803 agnorum
867 2728 909 2785 sic
923 2728 1007 2786 etiam
1021 2728 1142 2804 pretium

91 2814 215 2870 borotra
230 2810 306 2870 abiit.
340 2808 461 2881 Quaeris
477 2828 512 2869 an
527 2810 583 2870 hoc
598 2812 691 2889 ipsunt
705 2813 802 2870 tricies
819 2809 904 2870 facilc
920 2809 1058 2887 colligere
1074 2819 1168 2889 pos-8

137 2890 245 2955 simus?
266 2912 328 2954 sum
344 2891 457 2970 quidem
472 2911 564 2972 propo
579 2901 655 2954 totus
671 2897 699 2953 in
715 2894 856 2973 praediis,
872 2893 977 2971 aliquid
991 2904 1084 2953 tannen
1099 2894 1141 2953 fe-

137 2995 218 3053 nero,
235 2995 291 3037 nec
305 2977 457 3037 molestum
474 2979 528 3037 erit
541 2980 673 3047 mutuari;
691 2981 829 3056 accipiam
841 2995 857 3036 a
870 2994 967 3053 socru,
985 2979 1064 3037 cuius
1076 2996 1142 3037 arca

137 3079 193 3121 nou
209 3079 294 3121 secus
311 3078 344 3120 ae
360 3080 423 3120 mea
437 3072 510 3121 utor.
536 3060 658 3122 Proinde
674 3063 729 3121 boc
745 3073 774 3122 tc
790 3079 848 3120 non
862 3071 985 3137 moveat,
1004 3064 1028 3121 si
1045 3070 1168 3122 cetera9

137 3163 193 3204 non
213 3144 409 3222 refragantur,
437 3163 510 3223 quae
535 3144 621 3205 veliin
644 3165 726 3225 quarn
751 3144 966 3222 diligentissime
987 3145 1141 3217 epamines.

93 3227 209 3291 35Nan1
234 3246 296 3288 cum
314 3231 342 3287 in
364 3229 493 3288 omnibus
518 3230 604 3289 rebus
624 3240 682 3289 turn
702 3233 730 3289 in
754 3228 937 3306 disponendis
960 3226 1141 3285 facultatibus

136 3311 283 3391 plurimurn
300 3313 350 3373 tibi
367 3322 395 3372 et
410 3332 478 3373 usus
493 3323 522 3373 et
538 3312 734 3391 providentiae
748 3320 889 3390 superest.
920 3308 1002 3369 Vale.

1127 3762 1270 3880 Γ
