2588 4116
19 3472 146 3808 ,ἱ

260 192 321 254 192
683 188 717 248 0.
739 187 837 248 PblNl

259 343 386 419 signiter.
407 340 492 414 Quod
504 342 615 401 intuens
628 358 685 419 ego
696 343 781 400 variis
793 358 839 398 me
849 339 1003 400 studiorum
1016 341 1181 416 generibus,
1194 340 1265 402 nulli

232 428 329 493 aratis
346 425 481 501 confisus,
499 427 641 503 experior.
669 424 791 483 Proinde
808 442 871 483 oum
886 424 942 483 boc
956 421 1003 482 vel
1018 421 1088 482 illud
1103 424 1205 502 leges,
1228 428 1266 485 ita

259 507 380 586 singulis
400 511 511 570 veniam
530 517 560 567 ut
579 527 636 568 non
657 507 775 585 singulis
791 506 879 566 dabis.
909 507 955 568 An
969 508 1076 567 ceteris
1090 509 1198 568 artibus
1215 528 1265 568 ex·

261 594 369 653 cusatio
385 594 413 652 iu
427 610 555 669 numero,
571 593 673 652 litteris
688 591 785 650 durior
798 591 858 666 lex,
874 592 902 651 iu
918 591 1019 669 quibus
1035 590 1178 651 difficilior
1193 592 1264 652 ede·

261 687 324 737 otus
345 674 409 735 est?
437 675 511 749 Quid
532 683 624 735 autem
644 692 700 751 ego
720 673 755 734 de
776 676 860 733 venia
881 677 961 752 quasi
980 672 1125 751 ingratus?
1154 672 1226 734 Nam
1240 678 1289 752 sip

260 779 294 820 ea
316 759 450 820 facilitate
472 761 599 838 proxima
617 761 767 836 acceperis
789 775 844 836 qua
863 760 974 836 priora,
997 756 1059 817 laus
1079 759 1175 837 potius
1198 777 1264 837 spe·

259 843 344 903 randa
366 860 447 919 quam
466 845 549 902 venia
571 841 747 902 obsecranda
767 851 821 901 est.
854 840 922 900 blibi
943 851 1036 902 tamen
1050 843 1133 902 venia
1148 843 1263 904 sufficit.

257 925 337 985 Vale.

718 1057 807 1117 XXX.

540 1156 567 1208 c.
587 1155 713 1207 ausurus
732 1156 854 1206 sutrino
873 1155 934 1206 suo
953 1156 979 1209 S.

236 1275 250 1326 l
321 1257 429 1318 Laudas
449 1257 516 1318 mibi
537 1267 566 1317 et
586 1259 752 1338 frequenter
773 1276 910 1337 praesens
926 1268 955 1319 et
969 1276 1043 1318 nunc
1057 1277 1111 1337 per
1125 1259 1264 1336 epistulas

260 1341 382 1401 Nonium
404 1351 500 1420 tuum,
522 1342 600 1421 quod
622 1345 658 1402 sit
679 1342 805 1403 liberalis
826 1342 855 1401 in
872 1341 1020 1421 quosdam:
1045 1351 1074 1401 et
1089 1344 1153 1420 ipse
1168 1342 1263 1420 laudo,

261 1429 285 1487 si
300 1437 393 1487 tamen
408 1443 464 1485 nou
479 1428 507 1485 in
522 1426 575 1487 bos
591 1426 682 1487 solos.
703 1426 779 1487 Volo
794 1427 867 1485 enim
885 1444 949 1485 eum
965 1428 1012 1505 qui
1027 1427 1063 1485 sit
1077 1444 1146 1487 vere
1161 1426 1265 1488 libera·

260 1510 296 1570 lis
312 1511 436 1570 tribuere
451 1513 575 1587 patriae,
592 1511 776 1588 propinquis,
791 1508 945 1587 adfinibus,
961 1511 1075 1587 amicis,
1098 1509 1151 1572 sed
1168 1513 1288 1572 amicisl

262 1593 327 1653 dico
342 1593 533 1672 pauperibus,
549 1610 605 1652 non
621 1602 652 1651 ut
666 1594 712 1651 isti
730 1594 777 1671 qui
792 1594 825 1650 iis
840 1595 1017 1671 potissimum
1030 1593 1133 1654 donant
1150 1597 1198 1673 qui
1217 1595 1265 1656 do·

235 1691 328 1742 snare
344 1679 463 1737 maxime
475 1684 604 1754 possunt.
631 1674 692 1735 llos
708 1693 764 1753 ego
779 1677 896 1737 viscatis
912 1678 1086 1756 hamatisque
1101 1679 1265 1740 muneribus

261 1777 318 1819 non
339 1777 389 1819 sua
408 1773 540 1836 promere
561 1768 630 1838 puto
646 1758 698 1820 sed
713 1759 804 1820 aliena
820 1762 976 1838 corripere.
1012 1762 1083 1821 Sunt
1097 1764 1212 1840 ingenio
1227 1765 1265 1822 si·

260 1842 320 1901 mili
335 1843 382 1920 qui
398 1841 475 1919 quod
492 1841 558 1902 buio
573 1841 678 1903 donant
697 1844 828 1904 auferunt
849 1843 889 1903 illi
909 1844 1067 1924 famamque
1088 1845 1265 1907 liberalitatis

235 1927 376 1990 savaritia
394 1935 501 2004 petunt.
533 1925 655 1986 Primum
670 1936 715 1988 ost
729 1937 823 1988 autem
837 1946 889 1987 suo
906 1946 973 1990 esse
989 1939 1170 2008 contentum,
1188 1930 1289 1994 dein-2

262 2008 315 2087 de,
338 2027 411 2088 quos
431 2012 588 2089 praecipue
610 2013 685 2072 scias
700 2011 828 2089 indigere
845 2022 1047 2074 sustentantem
1062 2013 1266 2093 foventemque

261 2093 333 2154 orbe
352 2093 472 2172 quodam
493 2097 639 2156 societatis
655 2097 769 2156 ambire.
801 2095 881 2169 Quae
895 2107 996 2158 cuncta
1010 2099 1035 2156 si
1053 2097 1121 2158 iacit
1135 2101 1203 2176 iste,
1218 2117 1266 2159 us·

262 2195 432 2257 qusquaque
448 2177 601 2240 laudandus
618 2189 676 2250 est;
693 2183 716 2239 si
728 2198 813 2240 uuum
828 2180 944 2260 aliquid,
961 2183 1051 2240 miuus
1067 2181 1191 2259 quidem,
1208 2181 1267 2242 lau·

234 2261 368 2324 4dandus
384 2271 485 2323 tamma
518 2262 585 2323 'lam
607 2281 700 2323 rarum
720 2273 765 2324 est
787 2266 870 2324 etiam
891 2265 1067 2341 inperfectae
1088 2263 1267 2327 liberalitatis

261 2345 417 2424 exemplar.
440 2345 482 2406 lla
499 2348 600 2407 invasit
614 2345 741 2405 homines
757 2345 877 2404 habendi
894 2345 997 2420 cupido
1013 2354 1042 2403 ut
1053 2345 1196 2425 possideri
1208 2367 1268 2410 ma·
1285 2389 1289 2396 ι

260 2430 306 2504 gis
322 2447 403 2507 quam
418 2428 568 2506 possidere
579 2428 734 2487 videantur.
766 2426 845 2485 Vale.

707 2555 812 2614 XXXI.

548 2655 574 2703 o.
593 2654 720 2705 ruinius
737 2655 845 2707 suano
865 2654 924 2707 suo
941 2653 967 2706 S.

237 2769 250 2819 1
326 2755 478 2834 Postquam
497 2775 513 2816 a
534 2767 563 2817 to
584 2758 711 2835 recessi,
738 2775 795 2819 non
816 2761 905 2819 minus
927 2770 1021 2820 tecum
1042 2779 1124 2839 quam
1146 2780 1209 2823 curn
1230 2765 1264 2824 ad

261 2852 289 2901 te
306 2840 354 2899 lui.
378 2838 449 2916 begi
465 2842 538 2900 enim
552 2839 653 2901 librum
666 2850 763 2921 tuum,
775 2842 928 2904 identidem
942 2854 1079 2922 repetens
1096 2864 1129 2905 ea
1144 2850 1264 2909 maxime

262 2925 426 3004 (nonenim
440 2925 573 3004 mentiar)
597 2943 669 3003 quae
688 2925 724 2986 de
739 2945 785 2988 me
803 2929 951 3006 scripsisti.
979 2928 1011 2988 Iu
1033 2928 1134 3009 quibus
1151 2931 1265 3008 quidem

260 3009 453 3087 percopiosus
469 3007 556 3070 luisti.
578 3008 669 3082 Quam
681 3010 778 3088 multa,
796 3030 878 3092 quam
891 3013 977 3090 varia,
996 3030 1078 3091 quam
1092 3030 1148 3073 non
1165 3014 1265 3075 eadem

234 3092 297 3154 lde
310 3092 412 3152 eodem
427 3111 482 3152 nec
496 3102 589 3153 tamen
604 3093 716 3154 diversa
732 3096 839 3156 dixisti!
857 3094 979 3156 laudem
994 3099 1100 3176 pariter
1116 3106 1145 3157 et
1160 3100 1263 3175 gratias

1275 1111 1287 1160 l

218 3200 223 3207 ·
260 3173 362 3255 agam?
377 3175 515 3237 Neutrum
529 3179 598 3238 satis
614 3196 743 3258 possum,
760 3188 788 3239 et
804 3182 827 3240 si
842 3197 974 3258 possem,
990 3183 1171 3242 timeremus
1187 3189 1294 3244 arro-3⁴

261 3280 331 3337 gans
355 3269 434 3321 esset
449 3262 486 3321 ob
501 3280 535 3321 ea
552 3260 666 3322 laudare
681 3264 719 3323 ob
737 3282 809 3343 quac
824 3265 927 3342 gratias
943 3283 1067 3342 agerem.
1090 3264 1181 3325 Unum
1195 3266 1265 3328 illud

261 3343 374 3420 addam,
392 3347 483 3404 omnia
497 3344 564 3405 mibi
584 3354 660 3407 tanto
677 3346 861 3408 laudabiliora
880 3351 941 3410 visa
964 3359 1067 3428 quanto
1086 3351 1262 3429 iucundiora,

262 3432 291 3482 et
306 3432 382 3484 tanto
398 3428 563 3489 iucundiora
579 3439 682 3509 quanto
699 3430 881 3492 laudabiliora
898 3444 984 3494 crant.
1017 3432 1097 3493 Vale.
