2588 4116
232 216 294 278 140
657 211 689 272 Ο.
712 211 809 272 PLllll

230 366 312 426 rellia
328 368 395 424 iura.
417 365 540 425 Possunt
557 381 628 441 ergo
645 366 748 423 intueri
762 362 909 424 utilitatem
926 380 1015 440 suam,
1031 381 1085 442 pro
1102 381 1157 441 qua
1168 364 1231 424 mihi

231 448 285 508 luit
298 450 428 508 amicitia.
462 448 544 508 Vale.
1262 456 1266 471 ¹

695 575 760 639 xil.

513 677 540 730 o.
561 676 686 727 unimus
704 676 824 727 mnuom
844 675 903 727 suo
923 675 948 726 s,
1236 705 1248 754 5
1288 682 1292 692 ¹

205 793 217 843 l
295 779 435 839 Libellum
450 779 598 840 formatum
612 797 627 838 a
641 797 698 854 me,
714 781 789 838 sicut
801 796 951 855 exegeras,
970 795 1026 855 quo
1039 779 1146 837 amicus
1158 787 1230 855 tuus,
1271 778 1275 783 ’

233 866 318 923 immo
335 871 433 922 noster
449 862 531 940 (quid
546 865 620 922 enim
635 880 691 923 non
704 879 842 922 conrnune
858 860 940 921 nobis
947 857 996 938 i),
1018 863 1043 921 si
1064 879 1112 920 res
1131 877 1232 938 posce·
1274 876 1288 1007 p

233 955 287 1022 ret,
304 953 442 1022 uteretur,
460 948 522 1005 misi
538 947 587 1005 tibi
599 945 664 1005 ideo
675 946 792 1022 tardius,
808 963 845 1004 ne
856 954 968 1022 tempus
980 943 1147 1004 emendandi
1158 962 1231 1019 eun,

207 1029 261 1092 uid
277 1038 322 1088 est
337 1027 518 1107 disperdendi
535 1028 667 1090 haberes.
688 1029 814 1089 Habebis
832 1038 941 1106 tamen,
956 1046 991 1087 an
1005 1026 1171 1087 emendandi
1185 1046 1232 1086 ne·

234 1114 307 1188 scio,
325 1114 423 1189 utique
440 1112 632 1190 disperdendi.
650 1103 756 1191 Ὑμεῖς
767 1105 831 1190 γὰρ
844 1109 879 1171 ol
888 1103 1019 1190 εὕζηλοι
1031 1113 1138 1188 optima
1149 1123 1263 1188 quae-lt

207 1205 290 1272 3que
306 1195 463 1258 detrahitis.
492 1194 575 1268 Quod
591 1196 616 1256 si
630 1195 753 1273 feceris,
769 1197 836 1256 boni
853 1194 1005 1256 consulem.
1040 1193 1145 1255 Postea
1160 1195 1233 1254 enim

233 1276 289 1338 illis
311 1297 348 1338 ex
368 1277 461 1357 aliqua
483 1281 636 1339 occasione
657 1288 688 1338 ut
707 1282 778 1340 meis
798 1289 861 1340 uter
881 1288 910 1338 et
931 1278 1072 1338 beneficio
1087 1276 1181 1338 fastidi
1194 1279 1232 1336 tui

235 1363 298 1439 ipse
322 1360 472 1440 laudabor,
499 1364 579 1422 utin
602 1380 638 1422 eo
661 1363 737 1441 quod
757 1363 916 1423 adnotatum
937 1363 1066 1421 invenies
1088 1369 1117 1420 et
1137 1379 1232 1440 supra·

209 1447 343 1522 lscripto
359 1444 441 1504 aliter
455 1445 632 1522 explicitum.
666 1446 737 1505 Nam
753 1464 816 1506 cum
831 1448 993 1525 suspicarer
1004 1445 1127 1506 futurum
1142 1454 1172 1505 ut
1184 1444 1232 1504 tibi

234 1527 367 1587 tumidius
383 1528 538 1604 videretur,
554 1530 683 1607 quoniam
699 1539 745 1589 est
760 1531 905 1590 sonantius
920 1539 949 1588 et
964 1529 1075 1604 elatius,
1093 1544 1151 1587 non
1165 1527 1266 1587 alie-15

233 1628 298 1668 num
313 1612 481 1689 existimavi,
497 1630 532 1671 ne
551 1620 580 1671 te
595 1620 762 1690 torqueres‚
778 1613 883 1672 addere
901 1615 993 1674 statim
1007 1613 1136 1691 pressius
1154 1610 1233 1688 quid-

235 1693 297 1752 dam
315 1703 345 1754 et
360 1693 462 1755 exilius
484 1693 532 1755 rel
547 1697 644 1774 potius
659 1695 791 1756 humilius
807 1705 836 1756 et
852 1698 950 1774 peius,
972 1705 1070 1757 vestro
1086 1705 1178 1754 tamen
1193 1696 1233 1753 iu-

208 1775 310 1839 o'dicio
331 1780 448 1839 rectius.
483 1776 540 1838 Gur
557 1781 631 1839 enim
644 1795 702 1838 non
716 1797 921 1858 usquequaque
936 1782 1101 1840 tenuitatem
1111 1787 1232 1838 vestram

234 1858 366 1937 insequar
385 1872 414 1922 et
435 1860 597 1940 exagitem?
617 1861 711 1941 llaec,
736 1874 765 1924 ut
785 1865 858 1924 inter
878 1867 947 1925 istas
965 1865 1169 1941 occupationes
1184 1860 1232 1921 ali·

208 1943 302 2019 tquid
317 1944 466 2022 aliquando
480 1947 605 2017 riderem
622 1947 692 2007 illud
707 1949 800 2024 serio,
823 1948 889 2008 vide
900 1956 930 2007 ut
944 1948 1011 2007 mihi
1026 1947 1157 2007 viaticum
1171 1944 1270 2004 red-20

234 2025 283 2087 das
301 2030 377 2105 quod
393 2031 508 2107 inpendi
524 2032 586 2092 data
598 2049 686 2110 opera
702 2049 819 2093 cursore
834 2032 959 2093 dimisso.
982 2030 1026 2091 Ne
1043 2040 1084 2107 tu,
1100 2047 1163 2087 cum
1177 2028 1233 2087 hoc

234 2108 353 2189 legeris,
372 2129 427 2172 non
439 2124 535 2192 partes
550 2115 641 2176 libelli
656 2115 708 2177 sed
722 2124 812 2176 totum
826 2115 954 2177 libellum
969 2114 1132 2192 inprobabis
1149 2129 1233 2188 nega·

233 2193 337 2273 bisque
355 2197 441 2257 ullius
456 2201 544 2276 pretii
558 2220 625 2261 esse
643 2203 723 2261 cuius
737 2201 859 2276 pretium
873 2200 1046 2276 reposceris.
1079 2196 1160 2256 Vale.

522 2427 549 2477 G.
567 2330 822 2478 PLlNlUslllllllOGI
840 2419 899 2469 SUO
917 2418 943 2471 S.

208 2537 222 2586 1
294 2524 400 2584 Eadem
422 2525 544 2600 epistula
565 2535 595 2583 et
615 2541 670 2582 non
691 2520 807 2581 studere
828 2528 857 2580 te
886 2529 915 2580 et
939 2518 1055 2579 studere
1082 2523 1236 2598 significat.

232 2604 397 2681 Aenigmata
418 2605 527 2682 loquor.
561 2604 603 2665 lta
625 2605 725 2682 plane,
753 2603 845 2663 donec
867 2603 1026 2665 distinctius
1043 2607 1120 2683 quod
1141 2612 1237 2668 sentio

207 2690 383 2747 denuntiem.
416 2686 509 2764 Negat
532 2691 605 2747 enim
625 2699 654 2748 te
675 2688 810 2766 studere,
832 2687 884 2748 sed
902 2697 948 2748 est
966 2697 1023 2747 tam
1042 2689 1130 2767 polite
1154 2708 1236 2767 quam

231 2771 284 2827 nisi
302 2788 317 2828 a
338 2769 469 2829 studente
487 2787 544 2830 non
558 2781 655 2849 potest
670 2771 771 2832 scribi:
799 2781 846 2832 aut
861 2792 893 2833 es
908 2782 939 2833 tu
951 2790 1039 2850 super
1052 2791 1150 2834 omnes
1167 2774 1232 2835 bea·
1242 2788 1276 2841 30

231 2861 288 2929 tus,
308 2855 332 2912 si
348 2850 414 2911 talia
429 2872 482 2932 per
499 2855 634 2917 desidiam
647 2866 676 2916 et
692 2858 778 2916 otium
794 2857 918 2933 perficis.
950 2856 1031 2916 Vale.

688 2988 779 3048 Xllll.

478 3085 505 3140 o.
526 3085 651 3137 enimus
670 3086 849 3137 consumme
867 3087 951 3137 sunu
969 3085 996 3139 s,

207 3201 222 3252 l
295 3187 336 3246 Tu
356 3188 469 3267 quidem
489 3191 707 3267 honestissime,
739 3192 815 3270 quod
835 3199 890 3251 tam
907 3194 1025 3270 inpense
1049 3201 1078 3250 et
1097 3208 1182 3267 rogas
1205 3201 1275 3255 et35

231 3274 323 3349 exigis
342 3284 371 3333 ut
393 3276 485 3354 accipi
506 3275 616 3335 iubeam
635 3294 651 3334 a
672 3284 701 3334 te
718 3277 841 3354 pretium
856 3292 988 3353 agrorum
1004 3293 1059 3334 non
1073 3292 1110 3334 ex
1126 3276 1233 3352 septin-

231 3359 325 3431 gentis
346 3356 475 3436 milibus‚
499 3361 593 3437 quanti
608 3358 673 3419 illos
691 3377 707 3417 a
722 3359 825 3420 liberto
838 3378 919 3436 meo,
941 3360 993 3419 sed
1014 3359 1230 3435 erumpentis,

205 3442 326 3514 2quanti
340 3458 355 3498 a
370 3441 530 3518 publicanis
546 3452 654 3522 partem
669 3445 832 3504 vicesimam
850 3445 952 3504 emisti.
983 3441 1110 3502 Invicem
1128 3459 1184 3518 ego
1204 3452 1234 3501 et

1244 2370 1273 2424 25
