2588 4116
157 240 220 302 292
585 233 618 295 G.
638 232 734 293 l’LlNl

160 391 235 450 onim
249 385 359 465 imitari,
374 396 403 449 te
418 387 555 464 subsequi
569 385 693 445 student.
713 384 783 444 ldeo
794 394 913 464 utraque
922 398 1019 443 morea
1036 383 1164 461 eosdem,

160 475 224 552 quia
238 480 357 549 utraque
370 482 435 532 tuos
449 470 544 530 babet.
566 467 634 528 lude
649 469 821 544 moderatio,
841 467 909 528 inde
925 468 1010 527 etiam
1025 475 1166 544 perpetua

160 556 307 619 securitas.
335 553 438 633 lleque
459 554 535 613 enim
555 570 684 630 umquam
704 550 938 631 periclitabuntur
956 568 1025 611 esse
1040 551 1164 629 privatae

161 658 234 719 quae
246 654 303 698 non
319 638 472 700 desierunt.
495 635 644 697 obtulerat
654 635 711 697 illis
722 644 837 696 senatus
849 650 1011 714 cognomen
1023 634 1165 712 Augusta·

160 742 238 798 rum,
260 722 336 800 quod
351 723 478 783 certatim
495 719 665 799 deprecatae
681 727 763 796 sunt,
783 737 868 797 quam
883 719 930 779 diu
943 716 1184 796 appellationemt

161 809 249 887 patris
266 807 373 884 patriae
388 815 418 866 tu
433 821 619 882 recusasses,
640 822 691 864 seu
709 801 785 882 quod
799 802 864 881 plus
880 821 949 864 esse
963 803 992 860 in
1006 818 1044 860 eo
1062 800 1163 861 iudica·

161 893 245 965 bant,
259 891 294 950 'si
309 907 381 950 uxor
398 897 429 949 et
442 905 526 950 soror
541 898 588 949 tua
605 905 687 966 quam
702 888 726 948 si
741 886 887 964 Augustae
902 886 1077 947 dicerentur.
1110 884 1164 945 Sed

162 989 358 1052 quaecumque
372 972 428 1033 illis
441 973 513 1031 ratio
528 980 630 1033 tantam
644 971 810 1031 modestiam
825 972 930 1047 suasit,
947 968 1006 1029 boe
1020 969 1112 1046 magia
1126 967 1163 1028 di·

160 1074 234 1134 gnae
249 1065 315 1117 sunt
329 1074 402 1134 quae
413 1058 443 1115 in
454 1057 553 1116 animis
569 1058 674 1116 nostris
690 1064 719 1115 et
733 1055 788 1115 sint
802 1062 831 1115 et
846 1053 1003 1116 habeantur
1016 1060 1163 1130 augustae,

161 1142 296 1218 quianon
311 1149 456 1200 vocantur.
485 1136 559 1212 Quid
580 1140 655 1199 enim
669 1137 835 1200 laudabilius
850 1137 964 1200 leminis
979 1154 1063 1214 quam
1077 1138 1103 1197 si
1117 1154 1163 1195 ve·
1172 1146 1200 1197 lt

161 1241 223 1283 rum
236 1222 375 1284 bonorem
387 1240 444 1283 non
458 1224 487 1282 in
504 1221 661 1303 splendore
676 1221 820 1284 titulorum
834 1222 887 1283 sed
907 1223 935 1282 in
950 1219 1064 1281 iudicils
1078 1219 1164 1280 bomi-

160 1325 226 1367 num
240 1316 396 1386 reponant,
413 1308 579 1386 magnisque
594 1307 753 1367 nominibus
766 1324 851 1384 pares
865 1325 898 1367 se
913 1304 1035 1381 iaciant,
1058 1314 1088 1365 et
1104 1303 1166 1364 dnm

161 1388 316 1452 recusant?

111 1483 152 1546 85
226 1474 285 1535 lam
299 1476 382 1535 etiam
398 1475 427 1533 in
448 1475 617 1552 privatomm
632 1475 730 1535 animis
745 1472 911 1534 exoleverat
924 1475 1052 1552 priscum
1065 1482 1165 1532 morta·

163 1557 231 1619 lium
248 1560 370 1635 bonum,
389 1559 527 1634 amicitia,
544 1560 624 1619 cuius
639 1556 776 1618 inlocum
791 1558 980 1633 migraverant
992 1556 1198 1617 adsentatio-15

162 1660 231 1719 nes,
247 1640 417 1717 blanditiae,
433 1650 462 1700 et
473 1640 629 1719 peiorodio
644 1643 746 1701 amoris
760 1639 907 1701 simulatio.
926 1639 1081 1701 Etenimin
1093 1641 1164 1718 prin·

163 1728 256 1804 cipum
268 1725 352 1784 domo
363 1740 465 1784 nomen
476 1731 581 1783 tantum
593 1725 746 1801 amicitiae,
762 1727 844 1785 inane
857 1722 970 1784 seilicet
981 1724 1163 1802 inuisumque,

163 1807 335 1867 remanebat.
364 1805 436 1866 Nam
459 1825 530 1884 quae
554 1815 668 1886 poterat
687 1826 754 1868 esse
773 1809 914 1868 intereos
935 1809 1073 1885 amicitia,
1095 1825 1163 1885 quo-

162 1906 222 1948 rum
237 1888 291 1948 sibi
306 1888 352 1949 alii
368 1889 487 1966 domini,
504 1889 551 1950 alii
566 1892 643 1951 servi
660 1886 846 1951 videbantur?
868 1889 911 1949 Tu
924 1891 998 1951 hanc
1014 1890 1122 1971 pulsam
1133 1898 1162 1949 et

163 1980 302 2033 errantem
317 1974 468 2034 reduxisti:
483 1973 572 2035 habes
587 1976 711 2051 amicos,
727 1976 791 2053 quia
802 1976 908 2035 amicus
920 1975 985 2053 ipse
1001 1993 1043 2035 es.
1062 1972 1197 2052 Nequett

163 2058 237 2117 euim
252 2066 281 2116 ut
299 2055 353 2117 alia
367 2058 506 2119 subiectis
521 2060 559 2118 ita
574 2074 652 2118 amor
665 2060 835 2137 imperatur,
861 2076 955 2135 neque
969 2068 1015 2119 est
1030 2056 1104 2118 ullus
1119 2056 1162 2116 ad·

162 2139 256 2201 iectus
271 2149 326 2200 tam
342 2151 457 2201 erectus
472 2150 501 2201 et
515 2140 589 2202 liber
608 2151 637 2203 et
658 2141 852 2202 dominationis
868 2143 1028 2220 inpatiens,
1048 2160 1105 2203 nec
1119 2143 1164 2220 qui

161 2226 251 2301 magis
264 2226 344 2286 vices
361 2227 464 2304 exigat.
487 2224 587 2287 Potest
602 2227 724 2287 fortasse
737 2228 871 2305 princeps
884 2225 997 2303 inique,
1013 2234 1112 2305 potest
1127 2233 1164 2284 ta·

161 2325 226 2367 men
243 2308 308 2368 odio
324 2328 390 2371 esse
406 2328 462 2370 non
477 2308 580 2386 nullis,
597 2312 705 2372 etiamsi
721 2312 785 2389 ipse
803 2327 858 2370 non
874 2310 979 2369 oderit:
995 2311 1099 2387 amari,
1115 2308 1165 2368 nisi

161 2392 225 2470 ipse
240 2402 331 2470 amet,
358 2411 414 2453 non
428 2402 534 2471 potest.
564 2393 668 2472 Diligis
684 2412 771 2473 ergo,
799 2410 862 2455 cnm
877 2392 1020 2471 diligaris,
1041 2401 1071 2454 et
1085 2394 1115 2452 in
1130 2400 1198 2453 eoas

162 2474 238 2553 quod
253 2479 391 2555 utrimque
402 2476 628 2537 honestissimum
644 2487 688 2539 est
704 2486 762 2539 tota
773 2475 864 2555 gloria
880 2485 927 2537 tua
941 2486 1000 2546 est;
1017 2476 1066 2555 qui
1081 2494 1166 2556 snpe-

160 2559 219 2617 rior
239 2558 332 2618 iactus
354 2558 505 2619 descendis
525 2561 554 2618 in
575 2563 665 2620 omnia
683 2560 875 2623 familiaritatis
897 2561 993 2621 officia
1009 2569 1040 2623 et
1058 2562 1088 2621 iu
1102 2562 1165 2619 ami·

162 2656 225 2700 cnm
240 2658 278 2699 ex
289 2643 460 2718 imperatore
475 2644 669 2711 summitteris;
685 2645 768 2706 immo
783 2653 852 2706 tunc
863 2645 984 2706 maxime
997 2646 1163 2723 imperator,

163 2741 226 2783 eum
239 2726 358 2782 amicum
372 2726 442 2801 agis.
471 2723 583 2786 Etenim
599 2746 661 2787 cum
678 2728 805 2806 plurimis
821 2730 950 2790 amicitiis
964 2727 1077 2807 fortuna
1092 2729 1164 2807 prin-

162 2808 256 2885 cipum
269 2805 412 2884 indigeat,
435 2812 621 2890 praecipuum
635 2823 680 2874 est
691 2815 828 2892 principis
843 2831 916 2892 opus
930 2814 1040 2875 amicos
1054 2830 1162 2892 parare.
1171 2819 1198 2872 tit

160 2888 275 2949 Placeat
293 2890 343 2950 tibi
359 2909 475 2972 semper
489 2894 562 2956 baec
577 2905 673 2975 secta,
690 2906 719 2957 et
734 2915 797 2957 cum
812 2896 881 2958 alias
896 2898 1016 2957 uirtutes
1031 2905 1096 2957 tuas
1111 2906 1164 2955 tum

159 2972 232 3032 hanc
247 2978 476 3039 constantissime
492 2988 609 3060 teneas,
625 2999 680 3041 nec
695 2999 826 3060 umquam
842 2981 1048 3060 persuadeatur
1061 2979 1165 3040 lrumile

146 3076 228 3120 esse
243 3061 381 3140 principi,
402 3063 458 3124 nisi
473 3063 582 3126 odisse.
608 3064 843 3126 Iucundissimum
866 3066 953 3125 estin
967 3064 1057 3126 rebus
1071 3064 1166 3123 buma-

159 3145 202 3203 nis
218 3146 318 3224 amari,
343 3146 397 3207 sed
410 3164 466 3208 uon
485 3150 575 3210 minus
590 3166 692 3211 amare.
726 3147 852 3223 Quorum
868 3158 990 3228 utroque
1004 3148 1043 3209 ita
1064 3148 1166 3209 frueris

160 3236 205 3305 ut,
223 3232 364 3307 cumipse
380 3231 576 3294 ardentissime
597 3233 715 3312 diligas,
728 3234 820 3295 adhuc
835 3243 928 3294 tamen
942 3233 1089 3295 ardentius
1107 3231 1201 3293 dili-tt

158 3313 249 3387 garis:
276 3314 412 3392 primurn,
435 3317 499 3393 quia
514 3316 626 3378 laeilius
647 3327 709 3395 est,
737 3337 822 3378 unum
837 3336 930 3379 amare
947 3334 1030 3396 quam
1045 3317 1166 3387 multos;

158 3392 279 3474 deinde,
301 3399 365 3475 quia
379 3399 432 3459 tibi
447 3400 555 3462 amicos
570 3411 634 3462 tuos
651 3401 796 3481 obligandi
811 3403 893 3465 adest
907 3401 1028 3464 laeultas
1045 3410 1122 3463 tanta
1136 3409 1167 3460 ut

106 3469 147 3532 86
156 3494 241 3537 nemo
254 3488 284 3539 te
301 3481 397 3558 possit
409 3483 463 3541 nisi
477 3485 602 3562 ingratus
615 3501 669 3547 non
684 3489 775 3565 magis
784 3505 892 3549 amare.
915 3485 1166 3565 operaepretium
