2588 4116
210 208 251 270 98
637 205 671 266 0.
693 205 789 266 PblNl

210 361 349 422 iacturum
371 378 438 419 esse
460 358 597 417 coniidam
620 360 663 436 (id
684 361 758 418 enirn
779 368 887 416 temere
910 357 1009 417 credas
1030 360 1084 417 nisi
1111 376 1214 436 exper-

211 447 288 524 tus),
312 443 365 504 sed
386 445 450 520 quia
467 441 534 500 mint
550 441 697 519 pulcbrnru
711 443 739 499 in
754 442 851 519 primis
866 440 977 500 videtur
990 459 1045 499 non
1063 443 1121 519 pati
1137 447 1214 503 ocei-

184 539 189 547 “
210 530 280 588 dere
303 527 404 606 quibus
431 528 582 585 aeternitas
604 524 741 585 debeatur
765 524 939 601 aliorumque
960 523 1058 584 famam
1080 543 1144 584 cum
1165 546 1214 587 sua

184 611 376 675 aescendere.
408 608 455 668 ille
473 618 566 668 autem
586 607 654 667 nihil
674 626 765 685 aeque
782 625 815 666 ac
830 607 1015 667 diuturnitatis
1029 624 1107 667 arnor
1122 619 1151 669 et
1167 628 1215 669 cu·

210 695 278 776 pido
293 693 445 768 sollicitat,
460 710 507 751 res
522 690 633 751 bomine
649 691 828 768 dignissima,
852 709 888 751 eo
904 692 1072 768 praesertim
1088 695 1135 770 qui
1152 694 1239 756 nul-5

210 781 265 840 lius
281 779 335 840 sibi
352 778 484 836 conscius
500 774 602 852 culpae
613 777 788 853 posteritatis
799 776 960 834 memoriam
971 792 1027 833 non
1038 774 1213 837 reformidet.

185 863 310 940 oltaque
326 860 426 919 diebus
438 877 471 919 ac
485 858 617 917 noctibus
636 860 732 935 cogito
748 860 772 917 si
788 876 843 935 qua
856 875 901 917 me
914 875 1028 936 qnoque
1041 862 1149 937 possim
1161 861 1214 920 tul·

210 946 272 1006 lere
294 945 392 1011 humo;
417 943 445 1001 id
463 944 537 1002 enim
551 952 620 1001 voto
634 959 699 1001 meo
714 940 837 1017 suiten,
860 940 930 1000 illud
950 959 1035 1018 supra
1050 952 1146 1002 votum
1162 947 1214 1004 ‘vi-

211 1039 330 1106 ctorque
345 1028 435 1085 virum
455 1024 575 1085 volitare
590 1042 643 1102 per
659 1042 716 1084 ora.
746 1023 919 1101 Quamquam
937 1024 988 1083 ol'
1004 1026 1056 1084 sed
1074 1025 1130 1086 boc
1145 1029 1213 1088 satis

186 1110 363 1188 dest,'quod
379 1126 471 1186 prope
490 1108 552 1168 sola
568 1108 683 1167 historia
698 1107 829 1185 polliceri
845 1108 965 1167 videtur.
998 1108 1123 1168 Orationi
1140 1113 1213 1169 enim
1224 1121 1251 1172 lo

210 1205 239 1256 et
262 1194 377 1254 carmini
395 1210 481 1270 parva
501 1193 606 1268 gratia,
630 1192 684 1251 uisi
704 1188 866 1268 eloquentia
889 1201 934 1250 est
956 1208 1075 1253 summa:
1097 1191 1214 1253 historia

213 1295 328 1357 quoquo
343 1276 427 1335 modo
440 1277 547 1353 scripta
561 1274 695 1335 delectat.
725 1274 796 1334 Sunt
819 1274 892 1333 enim
907 1274 1035 1335 homines
1051 1285 1147 1337 natura
1166 1296 1214 1337 cu·

209 1362 278 1422 riosi
291 1370 320 1420 et
336 1359 488 1439 quamlibet
502 1357 575 1418 nuda
589 1376 683 1418 rerum
698 1359 861 1436 cognitione
877 1358 1033 1438 capiuntur,
1046 1371 1076 1419 ut
1091 1363 1138 1438 qui
1154 1380 1214 1421 ser·

209 1444 348 1505 munculis
367 1445 451 1505 etiam
465 1440 636 1520 fabellisque
652 1443 795 1502 ducantur.
827 1439 874 1502 Me
888 1460 957 1501 vero
975 1442 1009 1502 ad
1023 1443 1079 1502 hoe
1092 1444 1213 1503 studium

184 1528 329 1608 5impellit
340 1526 525 1586 domesticum
536 1543 651 1603 quoque
663 1525 834 1603 exemplum.
856 1525 1021 1585 Avunculus
1033 1545 1113 1588 meus
1125 1528 1212 1587 idem·
1224 1534 1254 1585 15

210 1631 266 1690 que
283 1628 334 1689 per
354 1609 535 1688 adoptionem
559 1620 641 1687 pater
660 1608 792 1670 historias
817 1618 846 1668 et
867 1610 979 1688 quidem
996 1609 1213 1688 religiosissime

211 1694 335 1773 scripsit.
373 1691 491 1752 lnvenio
512 1701 606 1752 autem
626 1693 700 1773 apud
728 1693 863 1772 sapientis
889 1693 1119 1755 honestissimum
1145 1715 1213 1756 esse

209 1779 344 1836 maiorum
362 1776 484 1853 vestigia
504 1776 604 1854 sequi,
629 1777 654 1837 si
673 1777 758 1837 modo
777 1786 859 1836 recto
874 1776 976 1837 itinere
991 1780 1211 1857 praecesserint.

186 1860 270 1923 oCur
285 1876 355 1937 ergo
369 1856 508 1920 cunctor?
529 1859 585 1937 Egi
599 1877 713 1938 magnas
725 1869 754 1920 et
766 1878 869 1938 graves
883 1879 992 1922 causas.
1014 1861 1083 1938 llas,
1103 1864 1212 1923 etiamsi

210 1944 275 2003 mibi
287 1943 380 2004 tennis
395 1963 432 2004 ex
443 1944 487 2005 bis
502 1961 584 2023 spes,
601 1943 712 2004 destino
726 1953 892 2023 retractare,
907 1965 943 2005 ne
959 1955 1050 2006 tantus
1065 1945 1114 2006 ille
1130 1947 1212 2006 labor
1221 1947 1254 1998 20

209 2046 308 2105 meus,
327 2028 381 2088 nisi
398 2028 454 2089 boc
477 2027 552 2107 quod
566 2027 706 2106 reliquum
718 2037 763 2089 est
778 2029 862 2089 studii
877 2029 1022 2108 addidero,
1038 2047 1148 2089 mecum
1164 2048 1213 2108 pa·

185 2113 278 2173 iriter
289 2113 446 2173 intercidat.
473 2111 543 2173 Nam
559 2113 583 2172 si
597 2112 733 2173 rationem
748 2114 922 2192 posteritatis
937 2114 1060 2191 habeas,
1077 2114 1213 2192 quidquid

210 2215 266 2256 non
283 2207 327 2259 est
342 2207 497 2275 peractum,
513 2213 564 2274 pro
581 2214 636 2255 non
647 2197 779 2256 inchoato
792 2207 844 2257 est.
867 2196 955 2257 Dices
971 2203 1067 2274 ‘potes
1083 2198 1165 2258 simul
1183 2208 1213 2256 et

210 2281 372 2343 rescribere
400 2282 529 2342 actiones
551 2289 581 2339 et
606 2297 780 2358 componere
801 2280 966 2339 historiam?
1004 2280 1127 2338 Utinam!
1159 2282 1212 2340 sed

73 2414 76 2419 .
143 2428 145 2431 ,
183 2374 358 2445 Sutrumque
373 2374 428 2424 tam
441 2380 572 2440 magnum
587 2371 672 2421 estut
686 2363 796 2421 abunde
811 2360 1114 2420 sitalterumefiieere.
1134 2363 1256 2424 Uno-25

210 2448 404 2509 devicensimo
420 2446 520 2508 aetatis
534 2461 606 2505 anno
622 2443 718 2502 dicere
733 2445 761 2501 in
777 2444 838 2501 loro
855 2443 949 2520 coepi,
966 2451 994 2502 et
1010 2461 1084 2501 nunc
1099 2442 1212 2504 demum

211 2532 278 2608 quid
292 2539 438 2607 praestare
454 2530 555 2587 debeat
570 2534 680 2601 orator,
702 2525 792 2585 adhuc
813 2534 905 2584 tamen
927 2543 979 2603 per
1000 2525 1148 2603 caliginem
1170 2531 1209 2587 vi-

183 2614 275 2676 odeo.
298 2609 383 2688 outo,
397 2613 421 2670 si
436 2610 501 2670 huic
517 2608 596 2668 oneri
611 2626 715 2668 novum
726 2605 904 2669 accesserit?
922 2609 1013 2670 Habet
1025 2611 1136 2688 quidem
1150 2630 1212 2672 ora·

208 2695 249 2755 tio
265 2703 294 2753 ct
307 2693 424 2753 historia
441 2693 526 2752 multa
547 2692 720 2769 communia,
744 2692 796 2753 sed
812 2692 892 2773 plura
913 2693 1024 2754 diversa
1039 2695 1066 2754 in
1081 2695 1123 2756 his
1138 2697 1210 2774 ipsis

210 2794 282 2855 quae
299 2777 455 2836 communia
468 2777 605 2837 videntur.
638 2774 737 2837 Narrat
751 2776 817 2854 illa,
832 2788 924 2838 narrat
939 2778 1027 2855 baec,
1043 2779 1095 2839 sed
1112 2780 1209 2840 aliter:
1219 2787 1251 2840 30

209 2860 275 2923 huic
289 2859 426 2939 pleraque
439 2859 552 2920 humilia
566 2870 595 2920 et
612 2861 725 2922 sordida
737 2871 765 2922 et
779 2879 816 2921 ex
826 2862 919 2922 medio
934 2863 1038 2941 petita,
1059 2862 1100 2921 illi
1119 2865 1210 2923 omnia

168 2943 356 3007 lorecondita
383 2944 530 3023 splendida
557 2944 673 3006 excelsa
696 2945 880 3006 conveniunt:
906 2946 977 3006 hanc
1004 2948 1119 3025 saepius
1144 2965 1209 3007 ossa

210 3027 331 3088 musculi
345 3030 441 3106 nervi,
463 3029 539 3089 illam
556 3032 611 3090 tori
628 3030 738 3108 quidam
753 3038 782 3089 et
799 3032 878 3108 quasi
897 3030 980 3089 iubae
996 3029 1112 3090 decent:
1138 3030 1209 3090 hace

209 3112 257 3193 uel
279 3113 397 3173 maxime
418 3115 445 3172 vi
465 3113 644 3173 amaritudine
666 3114 811 3190 instantia,
837 3112 884 3173 illa
909 3122 1000 3173 tractu
1022 3122 1051 3173 et
1072 3115 1208 3181 suavitate

211 3196 302 3275 adque
320 3198 402 3257 etiam
417 3196 568 3258 dulcedine
586 3197 690 3275 placet.
723 3197 871 3257 Postremo
887 3198 940 3257 alia
956 3197 1060 3272 verba,
1076 3196 1146 3257 alius
1162 3207 1251 3259 [ἑο-35

168 3292 201 3344 11
211 3300 280 3358 nus,
304 3281 357 3342 alia
379 3283 562 3341 constructio.
595 3281 666 3342 Nam
680 3281 828 3359 plurimum
848 3280 952 3357 refert,
980 3289 1009 3338 ut
1029 3280 1208 3355 Thucydides

211 3364 265 3437 ait,
282 3366 388 3443 κτῆμα
401 3367 437 3425 sit
452 3385 487 3426 an
499 3355 690 3444 dyalvcopc;
706 3383 825 3443 quornm
841 3364 960 3424 alterurn
975 3364 1074 3439 oratio,
1092 3364 1209 3423 alterum

210 3446 326 3507 historia
342 3457 395 3509 est.
417 3449 461 3508 Ex
472 3450 516 3510 his
534 3451 627 3509 causis
642 3465 698 3507 non
712 3448 837 3508 adducor
850 3458 880 3509 ut
892 3448 947 3507 duo
958 3445 1102 3509 dissimilia
1113 3456 1142 3507 et
1153 3446 1210 3506 hoc
