2588 4116
200 244 240 307 38
626 235 659 297 G.
680 234 776 294 Parui

177 412 253 467 qvas
274 404 303 455 et
322 392 493 470 longinquos
513 391 631 468 respicit
650 398 770 450 montes.
803 387 894 447 Huius
916 405 932 446 a
953 385 1035 447 laeva
1054 389 1205 448 retractius

203 478 288 558 paulo
304 474 467 536 cubiculum
482 484 527 535 est
542 473 681 552 amplum,
695 472 797 533 deinde
814 470 889 532 aliud
903 472 1005 548 minus,
1025 469 1101 548 quod
1117 468 1206 532 altera

203 564 329 622 fenestra
347 560 463 620 admittit
478 562 633 634 orientem,
659 555 837 616 occidentem
857 553 946 614 altera
960 554 1079 631 retinet,
1102 554 1157 613 hac
1176 565 1204 614 et

176 647 354 710 isubiacens
371 660 447 703 mare
468 640 583 717 longius
600 639 713 719 quidem
731 638 783 699 sed
802 639 933 698 securius
948 639 1082 696 intuetur.
1115 636 1204 698 Huius

205 727 330 788 cubiculi
346 735 374 786 ct
390 723 492 784 triclini
507 723 583 783 illius
599 724 712 783 obiectu
730 721 882 782 includitur
896 721 1027 799 angulus,
1048 720 1096 798 qui
1114 724 1231 799 puris-5

204 815 305 874 simum
324 808 415 869 solem
436 809 561 867 continet
585 816 614 866 ct
635 805 776 868 accendit.
809 805 872 864 Hoc
894 803 1125 881 hibernandum,
1149 803 1205 865 hoc

204 897 289 955 etiam
304 893 479 969 gymnasium
493 907 621 950 meorum
635 900 694 950 est:
715 890 753 949 ibi
769 907 867 949 omnes
883 887 968 947 silent
982 890 1059 946 venti
1075 891 1205 965 exceptis

205 979 253 1056 qui
272 974 399 1035 nubilum
415 974 549 1034 inducunt
572 983 602 1034 et
622 991 754 1034 screnum
775 983 838 1033 ante
861 989 944 1050 quam
966 988 1048 1030 usum
1068 969 1127 1030 loci
1151 975 1205 1031 eri·

177 1063 293 1140 apiunt.
315 1057 483 1118 hdnectitur
497 1056 601 1134 angulo
618 1055 780 1117 cubiculum
790 1059 818 1115 in
828 1055 946 1133 hapsida
958 1065 1114 1130 curvatum,
1129 1053 1206 1132 quod

205 1143 337 1203 ambitum
359 1141 429 1202 solis
452 1141 586 1201 fenestris
608 1141 735 1200 omnibus
757 1141 895 1218 sequitur.
924 1137 1026 1199 Parieti
1042 1140 1103 1198 eius
1119 1140 1146 1195 in
1164 1140 1205 1197 hi·
1216 1153 1249 1207 10

205 1224 367 1286 bliothecae
384 1226 512 1303 speciem
526 1226 672 1285 armarium
686 1225 821 1284 insertum
837 1231 893 1298 est,
908 1222 983 1300 qnod
996 1238 1052 1280 non
1065 1221 1205 1298 legendos

181 1306 295 1370 9libros
311 1307 362 1368 sed
379 1307 549 1367 lectitandos
567 1309 652 1386 capit.
681 1306 824 1367 Adhaeret
840 1306 1030 1365 dormitorium
1050 1305 1206 1363 membrum

205 1393 323 1452 transitu
345 1393 547 1467 interiacente,
574 1393 621 1468 qui
637 1408 794 1468 suspensus
817 1399 846 1449 et
867 1388 1010 1449 tubulatus
1033 1397 1206 1466 conceptum

205 1492 341 1554 vaporem
361 1473 467 1534 salubri
487 1483 709 1551 temperamento
730 1472 785 1532 huc
806 1472 875 1532 illuc
892 1474 994 1550 digerit
1015 1481 1044 1530 et
1059 1473 1203 1532 ministrat.

206 1557 328 1635 Reliqua
343 1573 408 1633 pars
428 1556 524 1616 lateris
540 1556 622 1614 huius
639 1574 785 1616 servorum
801 1557 1024 1632 libertorumque
1040 1556 1139 1615 usibus
1154 1554 1202 1614 de·
1216 1562 1248 1615 15

207 1643 326 1716 tinctor,
351 1639 498 1717 plerisque
520 1648 576 1699 tam
596 1639 705 1699 mundis
726 1650 755 1699 ut
777 1641 910 1718 accipere
932 1638 1061 1717 hospites
1084 1641 1204 1716 possint.

165 1722 250 1783 10Ex
262 1722 317 1782 alio
331 1720 422 1782 latere
441 1721 603 1782 cubiculum
619 1733 664 1782 est
679 1722 893 1801 politissimum;
909 1722 1010 1783 deinde
1026 1722 1073 1782 vel
1089 1724 1204 1782 cubicu-

208 1804 265 1880 lum
282 1805 390 1882 grande
406 1804 453 1865 vel
472 1804 582 1867 modica
597 1809 724 1883 cenatio,
748 1825 820 1886 quae
838 1806 959 1886 plurimo
980 1806 1060 1884 sole,
1084 1805 1205 1884 plurimo

206 1889 274 1948 mari
294 1887 387 1957 lucet;
412 1889 566 1966 posthanc
583 1890 745 1950 cubiculum
763 1908 826 1950 cum
841 1901 1035 1968 procoetone‚
1058 1889 1205 1948 altitudine

207 1973 356 2048 aestivum,
372 1973 549 2032 munimentis
564 1972 726 2033 hibernum:
743 1984 788 2034 est
803 1976 876 2034 enim
890 1974 1059 2033 subductum
1076 1973 1204 2031 omnibus
1214 1983 1248 2035 ιθ

206 2056 310 2114 ventis.
331 2054 403 2115 Huic
419 2055 551 2116 cubiculo
564 2056 639 2118 aliud
655 2069 685 2118 et
699 2068 858 2137 procoeton
874 2058 1012 2117 communi
1025 2057 1133 2134 pariete
1145 2057 1204 2114 iun-

165 2151 197 2204 ll
206 2148 319 2215 guntur.
340 2139 408 2200 lnde
423 2139 516 2201 balnei
532 2139 605 2202 cella
619 2141 760 2219 frigidaria
774 2145 899 2221 spatiosa
914 2152 942 2202 ct
959 2141 1065 2218 effusa,
1082 2141 1161 2199 cuius
1177 2140 1205 2197 in

208 2223 354 2284 contrariis
382 2226 537 2302 parietibus
565 2225 621 2287 duo
648 2228 809 2304 baptisteria
832 2224 911 2285 velut
933 2226 1026 2283 eiecta
1050 2224 1203 2299 sinuantur,

207 2307 318 2367 abunde
334 2310 466 2387 capacia,
489 2310 513 2367 si
530 2326 606 2371 mare
623 2311 651 2367 in
671 2311 800 2387 proximo
818 2309 939 2383 cogites.
969 2304 1089 2364 Adiacet
1105 2317 1204 2364 uncto·

206 2391 287 2465 rium,
304 2391 512 2470 hypocauston,
529 2391 638 2451 adiacet
654 2391 831 2467 propnigeon
846 2386 960 2462 balinei,
975 2402 1041 2443 mox
1057 2385 1128 2445 dnae
1145 2387 1203 2446 cel·
1214 2390 1248 2445 25

207 2472 251 2530 lae
266 2474 355 2547 magis
371 2473 520 2548 elegantes
534 2488 615 2548 quam
626 2481 826 2547 sumptuosae:
842 2469 977 2528 cohaeret
992 2466 1082 2527 calida
1093 2470 1204 2546 piscina

165 2564 199 2615 ln
206 2554 338 2628 mirifica,
358 2572 394 2612 ex
412 2572 465 2628 qua
479 2562 606 2613 natantes
621 2569 697 2612 mare
711 2553 867 2630 aspiciunt,
889 2570 943 2611 nec
958 2550 1060 2628 procul
1076 2551 1203 2629 sphaeri-

206 2635 340 2711 sterium,
357 2635 433 2712 quod
451 2635 621 2695 calidissimo
637 2634 691 2694 soli
706 2633 840 2694 inclinato
855 2636 909 2696 iam
925 2635 970 2694 die
988 2637 1122 2694 occurrit.
1150 2636 1203 2696 llic

207 2717 290 2776 turris
312 2716 447 2794 erigitur,
468 2718 520 2776 sub
538 2736 591 2796 qua
608 2719 717 2780 diaetae
736 2719 823 2795 duae,
846 2719 963 2779 totidem
978 2719 1006 2777 in
1021 2720 1098 2796 ipsa,
1121 2738 1202 2798 prac-

208 2809 285 2860 terea
301 2802 425 2876 cenatio,
444 2819 515 2878 quae
531 2799 696 2862 latissimum
711 2820 798 2881 mare,
813 2801 1009 2880 longissimum
1025 2801 1103 2879 litus,
1119 2802 1201 2863 villas
1211 2809 1247 2863 30

164 2895 198 2949 13
207 2883 417 2943 amoenissimas
439 2885 588 2962 prospicit.
614 2884 667 2946 Est
682 2895 711 2945 et
727 2886 779 2946 alia
794 2887 893 2945 turris:
916 2887 944 2945 in
960 2885 1012 2945 hac
1030 2885 1202 2964 cubiculum,

205 2967 234 3024 in
246 2982 302 3044 quo
315 2964 359 3024 sol
370 2969 495 3026 nascitur
506 2969 707 3048 conditurque:
719 2970 774 3029 lata
785 2980 851 3048 post
863 2969 1003 3049 apotheca
1016 2979 1044 3029 et
1056 2969 1203 3029 horreum:

205 3049 257 3108 sub
272 3049 329 3110 hoc
342 3051 504 3131 triclinium,
521 3052 597 3131 quod
612 3054 713 3113 turbati
728 3055 811 3113 maris
822 3055 943 3112 nonnisi
955 3053 1097 3130 fragorem
1112 3063 1141 3113 et
1156 3071 1203 3111 so·

205 3152 271 3193 num
287 3135 398 3212 patitur,
416 3153 538 3216 eumque
554 3137 607 3196 iam
619 3135 781 3215 languidum
795 3145 824 3197 et
839 3136 1031 3205 desinentem;
1048 3136 1159 3196 hortum
1175 3146 1203 3195 et

164 3220 394 3296 llgestationcm
408 3215 502 3297 videt,
525 3238 581 3298 qua
601 3219 699 3280 hortus
715 3219 875 3279 includitur.
904 3218 1031 3280 Gestatio
1054 3221 1131 3279 buxo
1155 3228 1247 3282 aut35

205 3319 271 3362 rore
286 3304 403 3382 marino,
419 3304 468 3364 ubi
482 3303 577 3363 delicit
591 3303 694 3381 buxus,
710 3304 843 3363 ambitur:
855 3321 917 3365 nam
931 3304 1033 3379 buxus,
1053 3320 1107 3380 qua
1122 3311 1202 3378 parte

206 3384 367 3444 defenditur
380 3388 483 3464 tectis,
498 3386 610 3448 abunde
626 3388 714 3456 virot;
729 3396 829 3465 aperto
846 3386 927 3449 caelo
942 3393 1099 3464 apertoque
1114 3393 1202 3443 vento

166 3474 235 3526 15et
259 3485 424 3547 quamquam
447 3468 601 3548 longinqua
627 3473 779 3548 aspergine
804 3476 886 3535 maris
910 3471 1051 3533 inarescit.
1083 3466 1203 3553 Adiacet
