2588 4116
208 247 269 311 150
632 247 664 309 C.
687 248 782 308 PLlNl

207 401 323 475 domus,
344 409 464 478 repente
486 400 596 479 dilapsa
616 401 721 460 deserit
743 402 886 460 comitem:
915 401 1044 462 desertus
1062 402 1166 462 herbas
1182 412 1211 463 et

164 485 275 546 niolio
291 493 446 562 concerpta
466 487 577 562 signum
592 483 657 543 loco
672 486 762 561 ponit.
795 484 915 545 Postero
933 485 979 544 die
993 485 1049 545 adit
1064 488 1210 563 magistra·

205 579 262 644 tus,
279 578 374 628 monet
389 568 510 627 utillum
526 568 621 628 locum
636 567 722 628 eliodi
737 568 860 628 iubeant.
886 569 1068 628 inveniuntur
1084 587 1152 630 ossa
1170 573 1210 630 in·

206 661 282 714 serta
304 655 411 713 catenis
430 660 459 711 et
477 652 618 729 inplicita,
642 670 715 729 quae
731 669 835 729 corpus
849 671 921 713 aevo
937 662 1068 730 terraque
1085 654 1210 731 putreia-

206 748 281 796 ctum
296 737 368 795 nuda
384 744 412 794 et
428 753 514 796 exesa
535 735 688 812 reliquerat
702 735 837 796 vinculis:
857 736 979 797 collecta
994 736 1110 815 publice
1126 750 1235 816 sepe-5

165 820 318 880 liliuntur.
351 819 459 878 Domus
477 829 578 896 postea
597 821 650 878 rite
672 819 791 878 conditis
807 821 934 880 manibus
955 823 1051 880 caruit.
1084 819 1121 879 Et
1136 822 1209 881 haec

207 904 319 983 quidem
333 903 541 963 adfirmantibus
557 903 660 962 credo:
675 902 745 962 illud
759 903 904 964 adfirmare
920 905 982 964 aliis
998 923 1124 983 possum.
1156 905 1210 964 Est

204 987 324 1046 libertus
339 985 422 1063 mibi,
445 1004 501 1045 non
521 986 700 1049 inlitteratus.
732 984 802 1046 Cum
823 987 879 1047 boc
898 990 988 1047 minor
1002 989 1090 1048 irater
1107 988 1209 1048 eodem

204 1070 282 1130 lecto
295 1071 472 1147 quiescebat.
490 1070 519 1130 ls
536 1072 614 1131 visus
628 1080 672 1130 est
687 1070 741 1129 sibi
760 1089 880 1130 cernere
897 1072 1035 1149 quendam
1048 1075 1076 1131 in
1088 1081 1151 1131 toro
1163 1091 1208 1131 re·
1247 1128 1259 1143 „

204 1155 343 1215 sidentem
364 1153 631 1233 admoventemque
647 1156 731 1231 capiti
754 1172 806 1215 suo
831 1155 938 1215 cultros
960 1155 1051 1234 adque
1068 1158 1151 1216 etiam
1171 1174 1208 1213 ex
1216 1173 1251 1223 10

204 1239 268 1314 ipso
283 1239 393 1297 vertice
411 1249 599 1318 amputantem
619 1237 748 1316 capillos.
776 1238 830 1298 Ubi
846 1239 961 1316 inluxit,
977 1242 1040 1317 ipse
1057 1241 1130 1299 circa
1141 1256 1205 1297 ver-

163 1328 197 1382 13
205 1325 290 1382 ticem
304 1333 420 1400 tonsus,
440 1322 535 1402 capilli
551 1325 677 1383 iacentes
694 1324 881 1400 reperiuntur.
914 1323 1055 1400 Exiguum
1071 1325 1207 1400 temporis

204 1407 337 1483 medium,
356 1416 385 1466 et
400 1425 497 1467 rursus
514 1404 605 1467 simile
621 1406 696 1466 aliud
713 1408 799 1483 priori
814 1407 897 1466 iidem
908 1407 986 1467 lecit.
1009 1407 1082 1466 Puer
1097 1409 1125 1465 in
1140 1424 1208 1484 pae-

204 1490 327 1566 dagogio
349 1494 452 1550 mixtus
479 1490 607 1567 pluribus
632 1490 802 1550 dormiebat:
827 1500 965 1551 venerunt
988 1509 1042 1569 per
1065 1490 1206 1550 fenestras

204 1575 258 1652 (ita
272 1573 379 1650 narrat)
395 1575 428 1632 in
441 1575 543 1632 tunicis
560 1571 631 1633 albis
652 1572 707 1631 duo
726 1574 932 1652 cubantemque
948 1574 1154 1651 detonderunt,
1177 1584 1207 1634 et
1217 1583 1248 1633 15

204 1675 258 1734 qua
276 1667 412 1716 venerant
433 1665 624 1718 recesserunt.
657 1655 738 1716 Hunc
761 1675 874 1735 quoque
895 1668 1008 1719 tonsum
1032 1676 1207 1735 sparsosque

162 1750 196 1804 14
206 1743 281 1800 circa
297 1739 417 1817 capillos
433 1740 494 1800 dies
510 1740 642 1800 ostendit.
676 1739 751 1799 Nihil
769 1741 892 1801 notabile
908 1752 1048 1818 secutum,
1064 1742 1207 1821 nisiulorte

204 1822 280 1900 quod
294 1841 349 1882 non
366 1823 405 1882 lui
418 1843 495 1900 reus,
511 1823 638 1901 iuturus,
655 1827 679 1885 si
693 1823 885 1902 Domitianus,
904 1826 955 1886 sub
972 1843 1028 1903 quo
1043 1825 1116 1884 baec
1131 1827 1206 1884 acci-

204 1906 320 1984 derunt,
345 1907 446 1967 diutius
462 1909 591 1968 vixisset.
624 1907 693 1967 Nam
712 1910 739 1966 in
754 1911 858 1969 scrinio
876 1911 937 1969 eius
955 1909 1034 1969 datus
1049 1927 1065 1968 a
1081 1907 1154 1968 Caro
1171 1909 1205 1967 de

202 2008 247 2050 me
262 1990 378 2052 libellus
394 1993 524 2052 inventus
539 2001 597 2061 est;
619 2011 657 2052 ex
679 2010 735 2070 quo
758 1994 911 2054 coniectari
926 2003 1039 2072 potest,
1067 1995 1131 2070 quia
1148 1994 1205 2052 reis
1214 2006 1248 2056 20

202 2077 290 2134 moris
306 2085 351 2136 cst
372 2079 546 2147 summittere
569 2076 718 2155 capillum,
739 2078 851 2138 recisos
871 2093 997 2137 meomm
1020 2076 1143 2154 capillos
1157 2075 1206 2135 de-

203 2158 278 2234 pulsi
302 2159 378 2237 quod
400 2162 562 2222 imminebat
581 2160 701 2239 periculi
722 2161 831 2238 signum
855 2161 953 2221 luisse.
992 2160 1113 2220 Proinde
1134 2178 1206 2236 rogo

160 2249 192 2300 15
203 2243 389 2304 eruditionem
405 2254 478 2305 tuam
492 2244 629 2305 intendas.
650 2244 742 2322 Digna
756 2263 803 2304 res
821 2253 865 2303 est
880 2261 962 2320 quam
974 2243 1020 2301 diu
1031 2242 1207 2321 multumque

203 2327 385 2388 consideres:
399 2347 436 2388 ne
452 2347 508 2405 ego
523 2327 635 2406 quidem
650 2326 779 2402 indignus
799 2327 843 2385 cui
859 2326 968 2401 copiam
986 2326 1123 2382 scientiae
1139 2336 1207 2386 tuae

160 2416 192 2469 16
202 2408 298 2471 iacias.
319 2409 400 2471 Licet
417 2414 500 2472 etiam
514 2421 659 2486 utramque
674 2411 701 2467 in
718 2417 835 2484 partem,
853 2414 882 2464 ut
897 2403 987 2481 soles,
1005 2403 1145 2481 disputes,
1166 2418 1248 2469 exat

17 2527 24 2536 ι
69 2454 187 2655 χ
200 2491 288 2552 altera
308 2505 401 2554 tamen
419 2495 536 2568 fortius,
563 2509 599 2549 ne
614 2508 659 2550 me
673 2505 842 2564 suspensum
858 2489 1052 2566 incertumque
1068 2487 1204 2568 dimittas,

202 2592 263 2636 cum
275 2576 341 2635 mibi
360 2575 526 2636 consulendi
545 2590 630 2634 causa
643 2572 727 2631 luerit
744 2580 773 2630 ut
789 2571 915 2631 dubitare
931 2571 1100 2632 desinerem.
1120 2571 1204 2633 Vale.

632 2701 762 2765 XXVlll.

472 2801 640 2854 11111111
658 2803 801 2857 serneio
821 2802 881 2855 suo
898 2805 924 2856 1.
1210 2825 1244 2877 30

173 2920 188 2969 1
260 2906 312 2964 Ais
331 2902 466 2982 quosdam
477 2905 551 2984 apud
560 2916 590 2966 te
600 2906 833 2985 reprehendisse,
850 2915 989 2983 tamquam
1002 2906 1109 2964 amicos
1121 2921 1201 2966 meos

173 3001 235 3050 ‘lex
252 2990 325 3048 omni
343 2991 496 3049 occasione
511 2988 583 3049 ultra
595 2990 707 3050 modum
718 2989 838 3050 laudem.
861 2989 998 3067 Agnosco
1012 2990 1128 3064 crimen,
1145 3007 1202 3047 am-

198 3074 313 3153 plector
333 3074 425 3133 etiam.
456 3073 531 3147 Quid
550 3077 623 3134 enim
645 3076 792 3136 honestius
816 3073 900 3152 culpa
920 3069 1121 3148 benignitatis?
1147 3071 1202 3143 Qui

198 3168 262 3219 sunt
279 3169 372 3218 tamen
386 3159 432 3218 isti
449 3160 496 3238 qui
509 3159 616 3220 amicos
631 3177 711 3219 meos
727 3158 828 3218 melius
845 3153 958 3216 norint?
980 3155 1038 3216 Sed
1053 3165 1082 3215 ut
1097 3157 1199 3231 norint,

199 3243 266 3320 quid
282 3242 407 3302 invident
426 3244 492 3302 mihi
509 3242 675 3304 felicissimo
698 3238 819 3301 errore?
842 3241 879 3300 Ut
894 3243 968 3300 enim
985 3238 1242 3301 11111111111131

199 3327 298 3404 quales
313 3347 328 3386 a
344 3346 389 3386 me
406 3327 614 3404 praedicantur,
630 3345 686 3404 ego
700 3337 794 3386 tamen
808 3326 920 3401 beatus,
938 3323 1013 3403 quod
1024 3322 1090 3381 mibi
1102 3321 1199 3381 viden-

173 3419 251 3470 etur.
273 3409 362 3486 Igitur
384 3412 418 3470 ad
436 3410 508 3471 alios
523 3411 594 3470 hanc
615 3411 755 3471 sinistram
772 3409 944 3486 diligentiam
959 3406 1122 3482 conlerant,
1144 3424 1199 3464 ncc

198 3502 262 3551 sunt
279 3509 375 3569 parum
395 3494 489 3568 multi,
515 3497 562 3571 qui
584 3512 703 3572 carpere
717 3495 824 3553 amicos
839 3509 908 3553 suos
931 3490 1064 3551 iudicium
1079 3498 1198 3550 vocant:
