2588 4116
285 186 547 249 nrrsrunnuuu
563 195 695 250 cs-ua
713 188 934 265 [ra-ramat
1049 189 1111 252 aaa

102 340 241 416 iusseris,
264 350 384 418 propter
403 339 643 418 opportunitatem
657 338 716 398 loci
738 356 791 417 pro
806 356 914 399 summo
929 356 1047 400 munere
1062 359 1109 402 ac·

105 426 203 503 cipiet.
224 423 300 501 Ego,
318 426 344 484 si
359 426 535 502 permiseris,
554 423 652 499 cogito
667 424 695 481 in
709 440 774 482 area
788 440 878 483 vacua
890 423 1030 483 balineum
1043 431 1136 485 con-3

105 510 220 584 locare,
243 524 307 568 eum
328 518 421 568 autern
444 508 539 567 locum
561 508 664 584 inquo
686 504 814 566 aedilicia
832 506 945 567 iderunt
961 507 1066 568 exedra
1080 519 1109 569 et

106 592 264 671 porticibus
280 590 414 671 amplecti
429 602 515 671 atque
533 591 581 650 tibi
597 608 780 666 consecrare,
797 592 878 650 cuius
891 591 1033 651 beneficio
1049 592 1108 652 ele·

79 692 95 742 5
105 695 174 754 gans
190 693 262 754 opus
280 676 452 755 dignumque
470 676 582 735 nomine
604 684 652 734 too
676 674 734 733 liet.
766 672 921 752 Exemplar
934 678 1135 753 testamenti,4

104 778 271 838 quamquam
284 760 467 837 mendosum,
483 760 545 819 misi
564 758 628 826 tibi;
649 776 687 817 ex
702 775 759 836 quo
775 775 937 834 cognosces
952 758 1039 819 multa
1055 758 1107 819 Po·

104 844 234 919 lyaenum
249 845 277 902 in
293 844 421 904 eiusdem
437 844 537 903 domus
549 852 675 902 omatum
691 840 855 920 reliquisse,
873 860 945 921 quae
963 852 993 902 ut
1009 842 1107 903 domus

104 930 166 1005 ipsa
182 929 346 1006 perierunt,
363 945 438 988 amo
454 937 563 1004 tamen,
579 927 606 985 in
622 935 754 1003 quantum
766 928 901 1004 potuerit,
918 929 1107 1005 requirentur.

467 1059 571 1145 uxxr,
585 1058 734 1138 [xxxm]

442 1158 603 1209 TRAIANUS
618 1159 724 1209 PLINIO
743 1158 769 1208 S.

164 1261 320 1321 Possumus
340 1260 414 1338 apud
435 1260 593 1321 Prusenses
611 1279 677 1320 area
698 1262 752 1320 ista
773 1278 836 1319 cum
854 1261 937 1321 domo
957 1262 1105 1341 conlapsa,

103 1361 185 1421 quam
201 1360 305 1403 vacare
320 1344 440 1421 scribis,
455 1344 491 1404 ad
506 1345 713 1403 extructionem
729 1342 832 1402 balinei
846 1345 894 1404 uti.
924 1343 998 1403 Illud
1014 1355 1106 1406 tamen

102 1446 199 1505 parurn
222 1429 390 1506 expressisti
410 1446 445 1487 an
465 1427 553 1487 aedes
573 1426 600 1485 in
622 1425 771 1505 peristylio
787 1425 906 1486 Claudio
927 1427 1001 1489 iacta
1017 1439 1106 1489 esset.

60 1524 92 1575 15
101 1510 172 1570 Nam
193 1513 217 1571 si
240 1511 315 1572 iacta
336 1521 398 1591 est,
423 1510 493 1573 licet
516 1510 652 1589 conlapsa
672 1511 726 1587 sit,
752 1510 854 1588 religio
877 1512 938 1572 eius
956 1513 1107 1591 occupavit

102 1595 202 1656 solum.

62 1102 96 1153 10

458 1727 569 1787 nxxu.
586 1727 745 1806 [xxxvii]

331 1828 358 1882 Ο.
376 1827 500 1879 PLINIUS
515 1828 658 1880 TRAIANO
675 1828 882 1884 IMPERATORI.

57 1941 93 1992 20
163 1929 375 1992 Postulantibus
399 1932 565 2010 quibusdam
583 1942 613 1991 ut
635 1933 670 1991 de
692 1933 883 2009 agnoscendis
904 1932 1002 1994 liberis
1021 1938 1104 1995 resti·

101 2014 271 2092 tuendisque
283 2014 422 2074 natalibus
436 2024 466 2074 et
477 2015 633 2075 secundum
644 2015 794 2093 epistulam
805 2015 955 2076 Domitiani
970 2020 1105 2096 scriptam

100 2095 216 2156 Minicio
232 2096 307 2156 Rulo
323 2107 353 2157 ct
374 2096 530 2158 secundum
551 2097 682 2175 exempla
697 2098 901 2177 proconsulum
915 2102 979 2177 ipse
996 2118 1103 2179 cogno·

101 2197 226 2257 sconem,
243 2182 360 2258 respexi
376 2180 411 2241 ad
426 2190 541 2241 senatus
559 2180 719 2240 consultum
734 2182 880 2259 pertinens
895 2181 929 2243 ad
942 2182 1042 2243 eadem
1053 2204 1104 2261 ge-

100 2281 168 2323 nera
184 2281 346 2343 causarum,
369 2263 446 2341 quod
462 2264 498 2325 de
515 2265 550 2325 iis
569 2273 674 2324 tantum
691 2266 846 2343 provinciis
860 2264 985 2342 loquitur
1002 2269 1104 2346 quibus

56 2363 90 2413 25
100 2347 291 2426 proconsules
309 2358 458 2428 praesunt3
479 2349 604 2428 ideoque
619 2367 679 2408 rem
692 2350 832 2427 integram
846 2349 957 2427 distuli,
981 2350 1046 2411 dum
1061 2361 1104 2430 tu,

100 2431 223 2511 domine,
240 2434 424 2513 praeceperis
440 2433 507 2510 quid
521 2433 677 2494 observare
692 2451 738 2493 me
752 2433 834 2493 velis.

446 2565 757 2645 unumunurm]

430 2666 593 2717 TRAIANUS
616 2667 722 2718 PLINIO
745 2665 771 2716 S.

55 2783 91 2837 30
161 2764 191 2824 Si
206 2764 273 2825 milti
287 2776 402 2827 senatus
419 2766 577 2829 consultum
592 2771 720 2847 miseris,
736 2769 812 2847 quod
825 2769 1039 2830 haesitationem
1053 2772 1104 2831 tihi

100 2848 181 2926 lecit,
198 2850 353 2911 aestimabo
374 2869 408 2909 an
424 2850 530 2913 debeas
548 2870 727 2930 cognoscere
747 2852 783 2915 de
798 2853 988 2932 agnoscenda
1004 2853 1102 2916 liberis

100 2943 128 2993 et
144 2933 282 2996 natalibus
298 2934 376 2995 verls
390 2937 582 2995 restituendis.

472 3067 611 3130 txxuu.
634 3069 730 3149 [xvi]

53 3194 88 3248 35
318 3167 345 3221 U.
366 3166 493 3219 PLINIUS
512 3169 655 3220 TRAIANO
672 3168 884 3219 IMPERATORI.

160 3266 332 3347 Appuleius,
349 3269 473 3348 domine,
490 3271 583 3348 miles,
601 3273 650 3350 qui
662 3279 707 3330 est
718 3270 746 3328 in
757 3270 879 3330 statione
889 3267 1128 3347 Nicomedensi,l

99 3354 214 3430 scripsit
233 3353 299 3413 mihi
320 3353 459 3432 quendam
478 3357 589 3415 nomino
605 3352 822 3429 Callidromum,
844 3370 907 3411 oum
930 3352 1104 3414 detineretur

98 3454 114 3496 a
129 3435 251 3497 lllaxirno
273 3447 303 3497 et
317 3437 457 3516 Dionysio
472 3438 644 3518 pistoribus,
668 3436 769 3516 quibus
789 3454 891 3516 operas
907 3454 972 3498 suas
988 3435 1102 3498 locave-
