2588 4116
139 232 202 295 aab
571 230 604 292 (1.
626 231 723 293 PLlNl

140 386 261 460 ceteris,
277 384 332 444 nisi
348 383 417 445 illud
433 384 582 463 litigatoris
598 384 779 463 amplitudine
789 385 928 444 metiaris.
957 385 1035 445 Sors
1046 392 1077 443 et
1087 402 1146 444 nrm

141 470 211 529 llsco
234 465 356 527 iudicem
376 469 519 546 adsignat:
546 468 614 528 licet
635 470 764 544 reicere,
790 467 861 527 licet
883 467 1054 528 exclamare
1069 468 1146 528 ‘lium

139 550 223 629 nolo,
244 550 357 613 timidus
372 562 417 615 est
433 562 462 613 ct
477 553 549 613 bona
561 550 668 612 saeculi
681 568 778 629 parum
795 550 956 628 intellegit:
980 551 1144 629 illumvclo,

140 639 203 717 quin
221 633 371 695 Caesarem
388 636 500 696 fortiter
513 640 608 695 amat’.
635 634 747 694 Eodem
763 635 825 694 loro
841 644 958 694 utuntur
973 639 1145 716 principatus

139 729 168 781 et
191 719 317 781 libertas.
354 719 434 792 Quae
448 720 602 799 praecipua
621 727 668 778 tua
688 717 779 796 gloria
798 727 859 796 est,
886 722 1011 798 saepius
1033 721 1162 781 vincituri

140 806 241 873 liscns;
257 805 336 863 cuius
352 803 424 862 mala
442 820 527 864 causa
541 821 690 881 numquam
701 811 756 880 est,
774 803 828 862 nisi
844 803 898 862 sub
915 804 997 864 bono
1010 805 1142 883 principe.

140 888 244 965 lugens
258 886 315 946 boc
328 889 472 946 meritum:
489 889 578 948 maius
590 885 677 964 illud,
694 885 770 965 quod
780 902 832 946 eos
842 897 1054 965 procuratores
1065 888 1144 948 babes

141 981 170 1029 ut
192 970 360 1048 plerumque
384 972 463 1030 cives
484 973 524 1030 tui
540 989 595 1030 non
612 969 683 1030 alios
699 969 808 1030 iudices
821 970 928 1030 malint.
957 971 1094 1032 Liberum
1106 980 1143 1031 est

140 1062 232 1114 autem
245 1053 412 1114 discriminis
425 1054 504 1114 ‘nolo
517 1072 580 1113 eum
592 1054 726 1130 eligere'.
743 1052 846 1133 Neque
861 1057 937 1115 enim
948 1055 1040 1116 ullam
1049 1073 1143 1116 neces·

140 1141 250 1198 sitalem
265 1138 427 1198 muneribus
442 1139 498 1198 tuis
513 1137 608 1215 addis,
624 1147 653 1197 ut
672 1139 719 1216 qui
735 1140 810 1197 scias
825 1136 898 1197 hanc
911 1157 981 1199 esse
994 1140 1171 1205 beneficio-tt

140 1240 201 1281 rum
218 1222 412 1301 principalium
426 1240 576 1299 summam,
592 1224 616 1282 si
632 1221 689 1280 illis
706 1231 735 1282 et
749 1239 805 1281 non
820 1224 859 1281 uti
876 1221 957 1282 licet.

88 1302 129 1367 37
206 1304 327 1366 Onera
319 1309 428 1384 imperii
447 1267 584 1386 pleraqub
605 1305 756 1383 vectigalia
777 1306 884 1365 institui
905 1317 938 1367 ut
958 1324 1016 1386 pro
1033 1307 1143 1368 utilitate

141 1392 280 1451 communi
294 1392 332 1451 ita
344 1390 536 1468 singulorum
528 1391 634 1451 iniuriis
647 1395 814 1466 coegerunt.
834 1388 885 1449 llis
897 1392 1040 1452 vicesima
1053 1409 1144 1470 reper-

140 1485 167 1535 ta
183 1485 244 1551 est,
267 1474 399 1533 tributum
416 1474 565 1535 tolerabile
582 1484 611 1534 et
626 1474 711 1533 lacile
726 1454 892 1533 heredibus
897 1473 1045 1536 dumtaxat
1061 1484 1143 1536 extra·

140 1562 218 1633 ncis,
235 1557 400 1617 domesticis
415 1577 512 1635 grave.
549 1557 649 1636 ltaque
664 1558 721 1618 illis
737 1560 897 1633 inrogatum
913 1568 977 1635 cst,
994 1559 1041 1619 bis
1053 1560 1144 1620 remis·
1150 1568 1172 1620 li

140 1661 214 1710 sum;
229 1640 379 1717 videlicet,
397 1642 475 1719 quod
489 1642 667 1702 manifestum
683 1651 743 1702 erat
757 1650 861 1719 quanto
874 1642 1054 1703 cumdolore
1067 1643 1142 1702 laturi

141 1745 192 1785 seu
208 1727 373 1804 potiusnon
388 1725 469 1784 laturi
484 1726 612 1785 homines
629 1734 727 1789 essent
739 1725 878 1802 destringi
890 1726 1001 1804 aliquid
1014 1738 1045 1788 et
1055 1725 1143 1786 abradi

140 1811 222 1868 bonis
240 1825 312 1885 quae
328 1811 481 1886 sangnine,
504 1809 680 1887 gentilitate,
704 1825 848 1870 sacrorum
865 1808 991 1888 denique
1011 1813 1143 1872 societate

139 1893 325 1969 meruissent,
354 1910 484 1971 quaeque
499 1912 649 1972 numquam
663 1902 694 1952 ut
713 1893 804 1953 aliena
820 1901 849 1952 ct
864 1889 1025 1972 speranda,
1049 1893 1100 1954 sed
1114 1902 1143 1951 nt

140 1994 191 2036 sua
212 1994 384 2055 semperque
405 1996 542 2057 possessa
564 1997 598 2038 ac
618 1978 756 2056 deinceps
776 1978 909 2055 proximo
933 1981 1040 2057 cuique
1059 1984 1174 2037 trans-lt

138 2060 272 2122 mittenda
295 2064 448 2140 cepissent.
485 2062 564 2123 llaec
584 2061 768 2122 mansuetudo
783 2062 857 2137 legis
873 2063 1024 2124 veteribus
1039 2062 1142 2121 civibus

139 2146 317 2206 seruabatur:
328 2148 406 2224 novi,
416 2165 468 2207 seu
480 2165 533 2224 per
543 2145 650 2205 Latium
661 2149 688 2205 in
700 2147 841 2205 civitatem
853 2163 906 2206 seu
919 2147 1063 2207 beneficio
1075 2146 1143 2225 prin·

141 2232 213 2308 cipis
225 2233 388 2308 venisseut,
410 2234 464 2290 nisr
457 2231 562 2292 simul
579 2231 754 2308 cognationis
770 2232 828 2289 iura
845 2230 1057 2308 inpetrassent,
1082 2229 1144 2289 alie

140 2316 246 2374 nissimi
240 2315 435 2374 'habebantur
449 2316 551 2393 quibus
567 2316 789 2374 coniunctissimi
803 2313 924 2373 lucrant
948 2314 990 2373 lta
1001 2316 1146 2373 maximum

139 2399 309 2459 benclicium
322 2399 509 2459 vertebatur
500 2417 529 2457 ιιι
543 2400 737 2475 gravissimam
752 2399 878 2457 iniuriam
886 2400 1072 2475 ,civitasque
1090 2396 1146 2454 llo·
1152 2391 1177 2443 25

139 2500 217 2541 nnana
233 2484 320 2542 instar
334 2491 395 2541 erat
409 2482 467 2541 odii
482 2491 512 2540 ct
527 2482 685 2540 discordiae
699 2491 728 2539 et
751 2482 898 2558 orbitatis,
922 2498 986 2542 cum
1002 2481 1147 2541 carissima

139 2566 259 2642 pignora
276 2565 376 2624 salva'
368 2582 494 2641 ipsorum
508 2566 615 2640 pietate
627 2564 807 2624 distraheret.
822 2564 1147 2626 Inveniebantnrtamen

140 2647 242 2725 quibus
262 2656 355 2707 tantus
375 2663 453 2705 amor
472 2649 591 2706 nominis
609 2649 698 2707 nostri
712 2650 821 2708 inesset
836 2660 865 2709 ut
879 2649 1035 2709 Romanam
1050 2651 1146 2711 civita·

138 2742 194 2791 tem
211 2748 266 2789 non
282 2731 435 2789 vicesimae
455 2731 540 2790 modo
555 2750 654 2790 verum
670 2734 752 2791 ctiam
768 2733 939 2792 adfinitatum
955 2733 1057 2793 damno
1073 2734 1144 2795 bene

139 2816 307 2893 conpensari
322 2823 465 2891 putarent;
494 2813 545 2874 sed
566 2817 599 2874 iis
620 2818 737 2875 maxime
757 2817 881 2877 debebat
895 2820 1019 2894 gratuita
1041 2817 1178 2879 contin-tt

137 2917 208 2977 gere
223 2899 353 2977 aquibus
364 2909 420 2959 tam
436 2916 537 2976 magno
552 2901 759 2960 aestimabatur.
781 2899 871 2978 lgitur
885 2910 966 2978 pater
979 2910 1047 2962 tuus
1059 2901 1147 2961 sanxit

137 2993 167 3043 ut
184 2982 260 3062 quod
276 3001 312 3043 ex
329 2984 423 3043 matris
439 2983 474 3042 ad
489 2983 612 3060 liberos,
638 3003 674 3043 ex
695 2983 850 3044 liberorum
865 2985 948 3043 bonis
964 2987 1148 3063 pervenisset

137 3066 173 3127 ad
188 3077 321 3146 matrem,
340 3069 450 3128 etiamsi
465 3071 665 3145 cognationum
679 3071 738 3127 iura
749 3087 805 3128 non
816 3071 1016 3147 recepissent,
1035 3086 1100 3129 cum
1111 3070 1148 3128 ci·

136 3154 251 3213 vitatem
265 3152 505 3253 adipiscerentur,
522 3154 583 3211 eius
601 3153 764 3211 vicesimam
777 3171 813 3212 ne
829 3152 934 3213 darent.
962 3151 1094 3212 llandem
1108 3154 1147 3211 in·

137 3241 299 3298 munitatem
315 3239 342 3296 in
358 3238 484 3315 paternis
500 3236 583 3297 bonis
599 3236 657 3296 lilio
673 3236 785 3315 tribuit,
806 3234 931 3297 simodo
947 3235 1088 3298 reductus
1104 3255 1148 3295 es·
1138 3245 1183 3298 ·31

139 3332 184 3380 set
200 3325 227 3380 in
242 3323 329 3399 patris
346 3330 534 3399 potestatem,
555 3330 633 3381 ratus
648 3321 769 3399 inprobe
784 3331 814 3382 et
829 3321 988 3381 insolenter
1003 3339 1039 3380 ae
1055 3339 1148 3399 paene

138 3404 214 3481 inpie
236 3404 280 3465 his
299 3402 483 3465 nominibus
474 3424 561 3465 rnserr
553 3404 774 3483 publicanum,
797 3423 852 3465 nec
867 3407 928 3464 sine
944 3405 1060 3482 piaculo
1078 3421 1163 3484 quo·

139 3484 201 3544 dam
226 3489 418 3549 sanctissimas
443 3489 671 3551 necessitudines
693 3489 772 3549 velut
792 3487 987 3549 intercedente
1007 3490 1148 3550 uicesima
