2588 4116
332 212 594 275 EPISTULARUM
608 213 698 274 vllll.
720 225 748 278 a.
762 225 789 278 9.
805 227 901 277 1o.11.
915 226 956 298 m.
1086 213 1147 277 179

137 366 295 426 connotatio!
315 384 397 444 quam
413 368 474 443 pari
492 365 565 426 libra
582 368 704 445 gravitas
722 365 912 446 comitasque!
934 366 1010 445 quod
1025 365 1146 426 studium

135 449 308 510 litterarum!
330 449 407 529 quod
421 449 568 509 iudicium!
589 468 644 528 qua
659 451 767 527 pietate
784 467 847 509 eum
862 448 1047 509 dissimillimo
1064 460 1145 528 patre

134 532 265 594 vivebat!
287 551 369 612 qnam
382 551 439 593 non
456 533 586 593 obstabat
603 533 644 592 illi
660 549 716 611 qno
732 533 823 592 minus
837 534 880 592 vir
896 536 1019 612 optimus
1033 533 1145 594 videre-

136 629 183 677 tur
209 617 366 695 quoderat
388 619 511 694 optimus
533 616 621 676 filius!
648 615 706 675 Sed
729 617 795 693 quid
818 616 946 676 dolorem
967 627 1044 676 tuum
1066 617 1146 677 exul·

107 699 230 761 coerol
252 699 424 779 Quamquam
439 703 482 759 sic
501 702 600 760 amasti
620 702 752 759 invenem
774 710 804 761 ut
822 700 878 759 hoc
894 702 990 777 potius
1008 719 1093 781 quam
1111 700 1173 764 de3

137 784 189 845 illo
207 784 285 845 sileri
300 784 387 854 velis;
414 801 497 844 arne
516 785 702 862 praesertim,
725 785 805 843 cuins
828 783 1040 863 praedicatione
1062 793 1147 864 putas

136 870 222 928 vitam
236 869 298 927 eins
316 869 424 944 ornari,
454 869 616 927 memoriam
638 868 804 947 prorogari,
829 870 977 947 ipsamque
993 868 1069 928 illam
1090 887 1147 946 qna

136 960 184 1011 est
195 961 292 1030 raptus
305 960 428 1011 aetatem
440 969 529 1029 posse
543 953 663 1011 restitui.
697 950 779 1010 Vale.

623 1083 660 1144 x,
843 1037 957 1129 llari·

90 1142 129 1192 1⁰
409 1182 451 1232 o.
471 1183 597 1233 animos
617 1182 732 1233 rnono
750 1182 810 1233 sno
831 1183 857 1234 s.

202 1281 294 1360 Cupio
318 1284 483 1361 praeceptis
504 1286 558 1344 tuis
580 1301 698 1361 parere;
720 1284 772 1343 sed
788 1300 919 1360 aprorum
933 1293 1008 1343 tauta
1025 1287 1169 1361 penurias

136 1378 184 1428 est
200 1376 230 1425 ut
245 1365 390 1426 lllinervae
409 1375 439 1426 et
452 1365 576 1442 Dianae,
602 1384 672 1444 quas
690 1369 732 1426 ais
747 1369 854 1445 pariter
869 1366 1022 1443 colendas,
1038 1385 1144 1427 conve·

135 1455 198 1511 nire
213 1468 270 1511 non
283 1451 386 1528 possit.
418 1448 518 1529 ltaque
536 1448 683 1509 Minervae
697 1459 804 1510 tantum
820 1450 999 1511 serviendum
1016 1460 1077 1529 est,
1094 1450 1170 1517 dea

89 1535 223 1602 151icate
238 1543 349 1611 tamen,
369 1542 400 1593 nt
418 1536 446 1592 in
460 1552 582 1594 secessu
597 1543 627 1594 et
640 1543 757 1594 aestate.
786 1533 818 1595 ln
832 1535 880 1594 'via
896 1533 981 1613 plane
998 1533 1145 1595 nonnulla

135 1620 245 1679 leviora
261 1620 411 1696 statimque
427 1617 549 1678 delenda
564 1635 598 1677 ea
619 1617 784 1694 garrulitate
806 1637 860 1697 qna
881 1636 1029 1680 sermones
1049 1620 1077 1678 in
1093 1638 1144 1679 ve·

135 1701 232 1762 hicnlo
259 1711 391 1762 seruntur
413 1701 537 1762 extendi.
576 1700 627 1762 His
655 1701 791 1779 quaedam
813 1702 905 1762 addidi
925 1704 953 1762 in
972 1702 1056 1780 villa,
1080 1720 1145 1762 eum

135 1785 211 1845 alind
225 1803 280 1845 non
296 1785 408 1846 liberet.
432 1784 532 1864 ltaque
547 1791 679 1864 poemata
696 1787 856 1864 quiescunt,
874 1805 946 1866 quae
961 1796 991 1847 tn
1006 1789 1079 1847 inter
1093 1806 1143 1846 ne·

135 1887 216 1930 mora
233 1879 261 1929 et
275 1869 358 1930 lucos
374 1869 602 1931 commodissime
614 1870 714 1947 perlici
725 1881 816 1949 putas.
839 1870 1049 1932 Oratiunculam
1060 1882 1169 1935 nnam3

90 1973 127 2023 20
136 1952 252 2012 alteram
266 1955 430 2021 retractavi;
457 1971 624 2030 quamquam
638 1950 666 2009 id
680 1971 772 2028 genus
791 1956 886 2033 operis
901 1955 1066 2031 inamabile,
1085 1957 1143 2015 ina-

134 2054 269 2177 qolenum
288 2038 435 2112 magisque
460 2035 604 2095 laboribus
624 2036 697 2093 ruris
721 2053 803 2112 quam
823 2037 1017 2113 voluptatibus
1038 2037 1142 2097 simile.

162 2138 177 2177 a
192 2138 217 2177 e.

618 2249 670 2309 XI.

423 2348 450 2399 o.
468 2347 593 2400 animus
612 2347 734 2399 annino
751 2346 811 2398 suo
830 2346 857 2401 s,

196 2442 355 2527 Epistulam
375 2458 452 2508 tuam
473 2450 701 2511 iucundissimam
722 2449 842 2527 accepi,
862 2465 897 2508 eo
912 2449 1048 2528 maxime,
1066 2450 1169 2530 quodl

135 2533 242 2610 aliquid
262 2533 297 2591 ad
314 2541 344 2591 te
362 2532 449 2592 scribi
467 2532 588 2595 volebas
606 2534 684 2613 quod
703 2532 783 2593 libris
800 2533 888 2593 inseri
902 2542 1013 2611 posset.
1046 2532 1142 2595 Obve-

133 2616 336 2692 nietmateria,
350 2615 398 2674 vel
413 2616 486 2675 haee
498 2618 560 2696 ipsa
575 2636 657 2695 quam
668 2626 808 2679 monstras
820 2615 869 2675 vel
880 2619 975 2696 potior
985 2617 1048 2678 alia.
1071 2618 1143 2680 Sunt

136 2701 253 2760 enimin
268 2699 322 2757 hae
336 2698 508 2759 offendicula
521 2701 670 2762 nonnulla:
694 2700 848 2761 circumfer
863 2700 975 2778 oculos,
995 2711 1025 2762 et
1040 2720 1142 2762 occur·

91 2791 208 2856 30rent.
232 2780 408 2861 Bibliopolas
424 2781 551 2860 Lugduni
563 2803 630 2845 esse
644 2800 701 2845 non
717 2785 859 2864 putabam,
871 2803 905 2845 ac
917 2794 993 2845 tanto
1006 2785 1168 2852 libentiusa

136 2885 173 2927 ex
187 2866 289 2926 litteris
305 2867 361 2926 tuis
377 2869 500 2944 cognovi
513 2868 652 2929 venditari
662 2869 779 2929 libellos
790 2886 883 2947 meos,
901 2870 1004 2948 quibus
1015 2888 1142 2949 peregre

135 2969 249 3011 manere
272 2951 388 3028 gratiam
409 2968 490 3028 quam
517 2954 545 3011 in
570 2952 641 3012 urbe
664 2952 835 3030 collegerint
858 2952 997 3013 delector.
1031 2952 1141 3032 Incipio

136 3038 210 3096 enim
225 3037 295 3096 satis
307 3034 467 3096 absolutum
483 3035 653 3113 existimare,
667 3036 772 3116 dequo
784 3035 1142 3113 tantadiversitateregio·

135 3138 201 3180 num
216 3120 339 3180 discreta
352 3118 494 3179 hominum
509 3119 610 3179 indicia
628 3121 816 3181 consentiunt.
845 3118 928 3178 Vale.

604 3253 667 3313 xlt.

421 3352 448 3406 o.
470 3351 596 3402 ruinius
613 3351 733 3403 rumoni
749 3350 809 3402 suo
831 3351 858 3402 S.

201 3452 363 3532 Castigabat
387 3453 499 3533 quidam
521 3452 607 3512 lilium
624 3470 722 3532 suum,
748 3450 825 3532 qnod
842 3450 1166 3577 panloosqtmptuosiusl

90 2384 126 2434 25

91 3216 125 3268 35
