2588 4116
118 166 180 229 :lid
553 166 585 227 G.
602 165 699 227 PLINI

118 332 184 382 tunc
199 337 314 398 quoque
327 318 437 378 invidus
453 320 621 397 imperator,
638 337 700 379 cum
713 337 770 398 ope
783 335 880 377 earum
891 318 1060 399 indigeret,
1070 331 1126 384 tau·

116 416 172 465 tam
187 404 397 463 admirationem
406 405 446 463 tui
461 405 587 462 nonsine
598 402 718 480 quodam
729 404 828 461 timore
838 406 1027 481 conceperit,
1044 424 1124 485 quan-

117 498 171 547 tam
186 487 234 547 ille
249 485 440 564 genitusloue
457 494 523 565 post
537 502 641 546 saevos
656 484 770 546 labores
786 484 915 563 duraque
928 488 1053 564 imperia
1065 494 1124 568 regi

117 588 169 631 auo
191 571 341 631 indomitus
362 588 477 647 semper
498 567 716 647 indefessusque
733 568 894 636 reierebat;
916 588 984 629 cnm
1001 571 1065 634 aliis
1081 594 1124 635 su·

67 659 105 721 15
118 673 171 733 por
192 654 261 716 alias
282 654 510 732 expeditionibus
529 654 629 712 itinere
648 652 697 712 illo
719 652 820 730 dignus
839 652 1024 715 invenireris.
1067 656 1141 719 Tri-5

118 740 209 797 baturus
226 755 294 799 vero
310 737 543 797 disiunctissimas
563 745 653 796 terras
670 738 778 798 teneris
799 736 892 795 adbuc
913 739 996 799 annis
1012 740 1067 798 uiri
1080 742 1123 800 lir-

117 825 210 883 mitate
226 822 369 897 lustrasti,
391 823 443 879 iam
465 831 531 880 tunc
545 829 747 899 praemonente
761 820 872 879 lortnna
886 829 917 879 ut
932 820 981 880 diu
999 825 1121 900 penitus·

117 924 172 982 aquo
188 905 369 983 perdisceres
385 921 457 981 quac
478 920 544 963 mox
564 906 734 982 praecipere
757 903 889 963 deberes.
926 903 1036 984 Neque
1050 910 1121 968 enim

117 991 303 1065 prospexisse
320 995 411 1046 castra
427 987 601 1065 brevemque
616 987 739 1047 militiam
755 989 834 1066 quasi
847 990 989 1049 transisse
1006 1000 1120 1051 conten·

117 1081 177 1145 tus,
200 1072 236 1130 ita
253 1072 338 1147 egisti
351 1069 492 1129 tribunum
507 1080 620 1131 utesse
640 1071 697 1131 dux
711 1074 803 1132 statim
817 1087 923 1149 posses
938 1073 1153 1153 nibilquodi·10

13 1222 17 1227 ,
115 1153 252 1214 scendum
267 1154 389 1213 haberes
405 1164 534 1231 tempore
549 1152 680 1213 docendi.
714 1153 882 1232 Cognouisti
902 1173 958 1233 per
978 1158 1119 1237 stipendia

114 1237 216 1297 decom
230 1255 324 1299 mores
346 1240 489 1316 gentium,
510 1240 658 1315 regionum
680 1241 767 1315 situs,
788 1240 1021 1317 opportunitates
1043 1241 1118 1303 loco·

114 1340 191 1399 rum,
215 1331 244 1381 et
259 1322 397 1382 diversam
414 1340 547 1401 aquarum
562 1321 690 1400 caelique
706 1323 873 1400 temperiem
887 1331 919 1380 ut
932 1325 1043 1401 patrios
1060 1325 1118 1386 lou·

114 1416 158 1466 tes
180 1408 355 1484 patriumque
379 1406 456 1467 sidus
477 1405 554 1466 ferre
570 1409 724 1466 consuesti.
761 1405 900 1479 Quotiens
915 1424 1029 1486 equos,
1051 1427 1116 1487 quo·

114 1492 187 1551 tiens
210 1492 325 1549 emerita
344 1508 420 1549 arma
439 1490 567 1550 mutasti!
602 1490 705 1550 Veniet
720 1507 790 1566 ergo
804 1498 918 1567 tempus
933 1508 993 1569 qno
1009 1494 1115 1571 posteri
1123 1501 1152 1554 to

113 1576 209 1632 visere
230 1573 435 1650 visendamque
455 1572 567 1633 tradere
588 1574 742 1634 minoribus
764 1575 822 1634 suis
840 1575 968 1650 gestient
983 1578 1049 1654 quis
1069 1595 1116 1635 su-

113 1657 198 1715 dores
219 1667 283 1715 tuos
304 1655 429 1715 hauserit
452 1673 585 1734 campus,
613 1676 685 1736 quae
707 1656 883 1717 refectiones
904 1665 967 1718 tuas
987 1661 1114 1738 arbores,

113 1758 186 1817 aquae
201 1757 329 1798 somnum
343 1757 411 1798 saxa
425 1742 634 1818 praeterierint,
651 1741 726 1818 quod
743 1741 865 1818 denique
881 1749 991 1801 tectum
1000 1761 1115 1820 magnus

113 1822 219 1897 hospes
235 1820 406 1899 impleveris,
422 1832 453 1882 ut
470 1833 536 1883 tunc
553 1824 609 1900 ipsi
626 1824 676 1883 tibi
691 1826 845 1902 ingentium
858 1824 963 1883 ducum
978 1845 1114 1887 sacrave·

112 1906 195 1981 stigia
218 1904 308 1964 isdem
332 1907 360 1964 in
384 1907 458 1967 loeis
479 1907 713 1967 monstrabantur.
757 1908 863 1967 Verum
883 1907 957 1969 baec
980 1910 1062 1971 olim:
1086 1912 1152 1975 into

111 1990 272 2065 praesentia
287 1990 416 2067 quidem,
434 1992 563 2070 quisquis
576 1991 660 2071 paulo
673 1993 813 2053 vetustior
823 1991 924 2069 miles,
939 1992 987 2054 bic
999 2004 1030 2053 te
1041 2012 1114 2055 corn·

110 2070 236 2132 militane
250 2083 392 2134 censetur.
416 2074 527 2147 Quotus
540 2079 613 2136 euim
625 2078 746 2155 quisque
758 2078 837 2136 cuias
849 2086 878 2136 tu
890 2093 948 2135 non
959 2088 1027 2138 aute
1040 2096 1114 2138 com·

111 2155 197 2216 milito
215 2175 296 2236 quam
313 2156 486 2237 imperator?
521 2160 590 2220 Inde
613 2171 658 2221 est
680 2159 757 2238 quod
778 2177 870 2238 prope
886 2175 986 2221 omnes
1001 2164 1115 2222 nomine

111 2240 256 2320 appellas,
284 2242 360 2321 quod
381 2243 556 2320 singulorum
577 2243 659 2304 lortia
679 2244 753 2303 iacta
769 2261 978 2312 conmemoras;
994 2264 1053 2305 nec
1067 2245 1114 2306 ba·

110 2324 178 2385 bent
196 2326 399 2394 adnumeranda
416 2328 467 2387 tibi
486 2346 539 2406 pro
559 2346 590 2387 re
612 2327 725 2405 publica
739 2327 872 2404 uulnera,
901 2328 1005 2407 quibus
1019 2330 1156 2389 statimto

111 2418 140 2467 et
154 2408 282 2469 laudator
296 2420 326 2470 et
340 2413 421 2470 testis
439 2412 592 2488 contigisti.

61 2498 100 2562 16
174 2492 231 2551 Sed
255 2503 332 2553 tauto
353 2496 443 2568 magis
464 2493 650 2570 praedicanda
671 2494 827 2553 moderatio
848 2501 910 2570 tua,
934 2492 1012 2573 quod
1032 2494 1113 2553 innu-

111 2575 191 2632 tritus
212 2573 327 2634 bellicis
348 2575 476 2634 laudibus
497 2593 598 2653 pacem
618 2594 711 2652 amas,
740 2595 794 2636 nec
815 2581 879 2655 quia
899 2577 947 2637 vel
963 2587 1047 2656 pater
1061 2578 1113 2638 tibi

108 2655 282 2731 triumphalis
304 2656 352 2716 vel
376 2657 536 2733 adoptionis
551 2667 614 2717 tuae
630 2659 675 2719 die
692 2660 784 2720 dicata
800 2659 961 2739 Capitolino
976 2661 1039 2721 lovi
1053 2661 1113 2720 lau·

107 2757 172 2814 rus,
190 2738 298 2797 idcirco
313 2757 349 2798 ex
364 2741 517 2801 occasione
532 2743 606 2802 omni
622 2745 734 2822 quaeris
749 2745 916 2822 triumphos.
946 2743 1012 2804 Non
1027 2746 1153 2806 timasio

106 2821 183 2880 bella
197 2840 251 2881 nec
267 2839 419 2901 provocas.
440 2823 572 2903 Magnum
583 2837 639 2905 est,
657 2831 810 2907 imperator
822 2829 965 2906 Auguste,
979 2846 1114 2906 magnum

107 2914 152 2965 est
167 2914 242 2966 stare
257 2907 286 2965 in
300 2905 420 2967 Danubii
436 2911 512 2988 ripa,
539 2914 563 2971 si
583 2920 726 2990 transeas,
754 2923 863 2973 certum
879 2912 1029 2991 triumphi,
1055 2931 1113 2973 nec

108 2988 256 3050 decertare
281 3008 389 3070 cupere
415 3012 478 3053 cum
498 2998 711 3066 recusantibus;
732 3015 851 3075 quorum
864 2997 983 3056 alterum
999 2995 1113 3056 fortitu-

107 3073 188 3151 dine,
216 3075 335 3136 alterum
354 3076 546 3140 moderatione
564 3081 698 3147 eflicitur.
735 3080 806 3142 Nam
828 3091 858 3141 ut
878 3083 942 3160 ipse
961 3079 1036 3140 nolis
1058 3099 1113 3159 pu-

106 3175 211 3237 gnare,
239 3161 410 3240 moderatio,
437 3163 573 3226 fortitudo
597 3175 642 3224 tua
657 3175 783 3244 praestat
797 3173 827 3225 ut
841 3182 936 3242 neque
950 3163 1051 3224 hostes
1068 3167 1155 3227 tuido

107 3241 201 3303 velint.
236 3246 370 3325 Accipiet
385 3266 456 3324 ergo
477 3248 626 3327 aliquando
643 3247 813 3327 Capitolium
828 3266 884 3309 non
900 3249 1027 3307 mimicos
1045 3265 1112 3307 cur-

105 3341 152 3383 rus
169 3343 224 3385 nec
239 3329 328 3389 salsae
344 3330 493 3392 simulacra
509 3335 661 3410 victoriae,
679 3332 730 3392 sed
747 3334 948 3411 imperatorem
962 3349 1060 3392 veram
1074 3350 1111 3392 ac

104 3405 227 3467 solidam
242 3410 361 3487 gloriam
380 3424 570 3493 reportantem
590 3416 820 3495 tranquillitatem
843 3428 872 3478 et
896 3427 951 3477 tam
973 3415 1111 3478 confessa

12 3684 137 3792 ’Ἴ
