2588 4116
147 316 149 320 ’
201 340 261 402 aaa
627 338 659 400 c.
682 337 778 400 ruunt

159 504 192 559 13
201 499 301 569 satque
316 508 349 550 se
366 492 442 571 quod
457 500 644 551 memoretur.
667 489 725 550 lam
740 492 821 566 cinis,
836 489 928 550 adhuc
940 498 1032 549 tamen
1048 507 1142 551 mnus:
1160 511 1204 551 rc-

201 575 310 653 spicio;
337 575 424 636 densa
446 576 538 653 caligo
560 576 649 650 tergis
678 574 854 650 imminebat,
885 590 960 652 quae
984 592 1037 634 nos
1068 577 1204 635 torrentis

201 659 286 719 modo
306 658 397 720 inlusa
416 666 516 735 terrae,
527 658 708 735 sequebatur.
743 656 958 717 ‘Deilectamus’
980 659 1110 736 inquam,
1126 658 1202 717 ‘dum

201 742 382 802 videmusne
403 740 489 802 invia
505 740 582 801 strati
599 743 787 801 comitantium
802 740 883 800 turba
896 743 924 800 in
941 743 1067 801 tenebris
1084 751 1201 821 optera-

160 832 285 894 14mur’.
308 824 363 885 Vix
378 824 605 902 consideramus,
623 834 651 885 et
662 844 730 903 nox,
745 842 801 884 non
813 823 903 904 qualis
918 823 1019 884 inlunis
1033 835 1081 885 ant
1095 827 1226 904 nubila,5

202 909 254 971 scd
270 908 360 988 qualis
380 909 409 968 in
424 907 497 969 locis
519 909 622 970 clausis
643 909 748 969 lumine
769 913 905 969 extincto.
937 907 1059 968 Audires
1081 909 1201 970 ululatus

200 994 380 1069 feminarum,
396 992 529 1053 infantum
548 995 709 1072 quiritatus,
731 993 869 1052 clamores
885 993 1022 1052 virorum:
1038 994 1083 1053 alii
1101 1011 1201 1071 paren·

200 1085 262 1154 tes,
283 1076 330 1136 alii
351 1075 475 1154 liberos,
499 1076 546 1136 alii
561 1079 699 1154 coniuges
714 1077 834 1136 vocibus
857 1077 1054 1154 requirebant,
1080 1077 1200 1138 vocibus

200 1159 393 1221 noscitabant:
419 1160 447 1220 hi
469 1179 549 1220 suum
565 1178 677 1238 casum,
691 1159 733 1242 illi
748 1178 862 1222 suorum
881 1160 1098 1221 miserabantur:
1121 1171 1201 1220 erant

159 1260 192 1312 15
202 1245 249 1324 qui
270 1253 347 1304 metu
367 1244 465 1304 mortis
486 1255 605 1306 mortem
626 1254 823 1322 precarentur:
856 1243 935 1304 multi
956 1243 990 1304 ad
1012 1244 1082 1305 deos
1103 1262 1199 1304 manus
1209 1260 1243 1310 10

201 1327 322 1404 tollere,
339 1326 437 1406 plures
452 1346 588 1408 nusquam
603 1330 656 1388 iam
672 1329 744 1388 deos
759 1327 852 1407 ullos,
868 1336 1067 1407 aeternamque
1082 1328 1158 1387 illam
1173 1337 1201 1387 et

200 1414 381 1472 novissimam
401 1420 514 1471 noctem
537 1412 640 1472 mundo
664 1413 927 1490 interpretabantur.
967 1411 1030 1472 Nec
1053 1412 1202 1471 deluerunt

202 1497 249 1574 qui
264 1496 337 1554 luctis
353 1495 534 1575 mentitisque
549 1497 704 1555 terroribus
720 1514 787 1555 vera
802 1494 930 1574 pericula
945 1504 1090 1573 augerent.
1124 1494 1200 1554 Ade-

201 1588 264 1638 rant
279 1581 325 1657 qui
338 1576 438 1638 Miseni
453 1576 521 1637 illud
534 1578 643 1655 ruisse,
670 1578 739 1638 illud
755 1579 855 1638 ardere
877 1578 967 1657 falso,
988 1578 1040 1638 sed
1061 1578 1200 1639 credenti·

115 1656 118 1663 ’
160 1673 192 1726 16
201 1663 253 1721 bus
272 1662 440 1722 nuntiabant.
471 1661 586 1722 Paulum
609 1662 726 1729 reluxit;
753 1661 828 1739 quod
843 1678 897 1720 non
914 1661 974 1721 dies
988 1663 1071 1722 nobis
1087 1662 1140 1723 sed
1154 1661 1241 1721 ad-to

201 1829 337 1906 substitit,
354 1829 488 1890 tenebrae
503 1847 610 1907 rursus,
627 1831 696 1888 cinis
711 1848 808 1890 rursus
823 1828 926 1890 multus
942 1838 972 1890 et
986 1831 1090 1907 granis.
1120 1829 1198 1889 Hunc

201 1913 354 1972 identidem
381 1913 568 1992 adsurgentes
599 1914 829 1974 excutiebamus:
868 1914 960 1991 operti
986 1914 1092 1991 alioqui
1108 1913 1199 1990 adque

159 1998 285 2059 lietiam
305 1995 388 2057 oblisi
409 1998 537 2076 pondere
557 2016 697 2058 essemus.
729 1997 847 2060 Possem
867 1996 983 2074 gloriari
997 2016 1052 2056 non
1067 1998 1200 2073 gemitum

200 2081 285 2158 mihi,
306 2098 363 2140 non
377 2098 480 2141 rocem
497 2100 594 2160 pamm
616 2082 718 2142 iontem
737 2083 765 2140 in
786 2082 872 2147 tantis,
890 2081 1025 2159 periculis
1046 2080 1240 2155 cecidissem

200 2166 253 2224 nisi
268 2183 313 2224 me
329 2181 392 2223 cum
408 2167 554 2243 omnibus,
572 2168 663 2226 omnia
678 2182 788 2225 mecum
803 2165 898 2243 perire
913 2167 1028 2239 misero,
1044 2181 1145 2240 magno
1160 2174 1200 2235 tuf

160 2257 264 2310 temen
285 2247 461 2309 mortalitatis
483 2248 591 2308 solacio
614 2247 806 2306 credidissem.
838 2245 961 2303 'landem
981 2246 1026 2302 illa
1048 2247 1142 2322 caligo
1159 2258 1200 2307 te-

200 2340 282 2390 nuata
297 2330 378 2406 quasi
400 2331 428 2386 in
447 2329 552 2387 fumum
571 2329 737 2387 nebulamve
760 2327 906 2384 discessit:
930 2343 997 2384 mox
1017 2325 1200 2404 dies‘verns,

202 2412 246 2472 sol
261 2412 344 2470 etiam
360 2410 482 2483 eliulsit,
499 2408 604 2468 luridus
616 2418 723 2479 tamen,
742 2408 833 2482 qualis
848 2423 930 2483 esse,
944 2424 1006 2466 cum
1022 2406 1133 2484 deletu,
1153 2432 1202 2471 so-

200 2493 249 2553 let.
275 2491 467 2549 Occursabant
480 2490 684 2566 trepidantibus
699 2487 790 2548 adhuc
806 2488 897 2548 oculis
911 2499 1014 2550 mutata
1025 2493 1117 2552 omnia
1128 2493 1201 2555 alto·
1211 2500 1241 2556 25

158 2585 256 2653 loque
273 2575 381 2649 cinere,
396 2581 534 2650 tamquam
547 2574 623 2651 nive,
640 2571 771 2633 obducta.
799 2572 938 2650 Regressi
952 2573 1102 2653 Misenum,
1120 2596 1200 2640 cura·

199 2659 235 2718 tis
250 2667 403 2733 utcumque
419 2657 587 2733 corporibus
602 2673 768 2735 suspensam
783 2656 951 2736 dubiamque
965 2669 1079 2719 noctem
1094 2678 1148 2739 spe
1165 2681 1200 2723 ae
1284 2704 1286 2716 .

200 2752 275 2800 metu
292 2742 450 2817 exegimus.
469 2738 561 2800 Metus
575 2740 769 2817 praevalebat:
785 2760 846 2801 nam
863 2751 892 2802 ct
906 2753 1010 2803 tremor
1025 2752 1118 2803 terrac
1134 2763 1200 2824 per-

201 2825 351 2886 severabat
366 2833 396 2885 et
411 2825 541 2902 plerique
555 2825 690 2904 lymphati
702 2827 833 2886 terrificis
844 2828 1087 2887 vaticinationibus
1104 2838 1132 2889 et
1150 2847 1200 2889 sua

157 2918 230 2971 20et
249 2908 339 2970 aliena
358 2910 429 2970 mala
451 2909 673 2970 ludificabantur.
706 2908 795 2971 Nobis
817 2919 909 2969 tamen
932 2931 969 2972 ne
986 2921 1053 2971 tunc
1074 2912 1238 2990 quidemst

200 3012 365 3074 quamquam
386 3004 414 3054 et
434 2996 560 3073 expertis
582 2994 739 3074 periculum
754 3003 784 3054 et
806 2996 1054 3072 exspectantibus,
1076 2996 1219 3071 'abeundi'

200 3080 359 3157 consilium,
374 3078 467 3139 donec
483 3077 518 3139 de
530 3078 672 3140 ‘avunculo
687 3079 808 3139 nuntius.
836 3077 914 3137 Haec
925 3079 1099 3158 nequaquam
1113 3079 1201 3139 histo·
1271 2998 1282 3187 Ι

199 3165 240 3223 ria
261 3164 344 3242 digna
363 3181 419 3223 nen
434 3165 593 3242 scripturus
608 3162 692 3239 leges
708 3171 738 3221 et
754 3162 820 3236 tibi,
844 3162 956 3224 scilicet
978 3165 1024 3241 qui
1043 3162 1204 3241 requisisti,
1271 3190 1273 3195 ·

200 3248 356 3324 inputabis,
374 3250 398 3306 si
410 3246 493 3324 digua
506 3265 543 3306 ne
556 3244 679 3323 epistula
695 3244 807 3322 quidem
822 3245 1001 3309 videbuntur.
1035 3243 1114 3306 Vale.

664 3376 731 3437 XXI
1208 3334 1238 3388 35

480 3478 507 3528 0.
527 3477 652 3528 PLlNlUS
670 3476 800 3528 cuttttuo
818 3477 878 3529 SUO
895 3476 921 3530 S.

74 3582 115 3776 '
175 3585 185 3632 t
262 3578 329 3637 Sum
343 3595 381 3637 ex
395 3579 430 3638 iis
443 3579 491 3656 qui
505 3579 637 3638 mirantur
651 3581 797 3656 antiquos,
824 3587 1007 3655 nontamen,
1030 3587 1060 3638 nt
1078 3579 1200 3659 quidam,
1244 3540 1262 3733 ξζ

1240 3746 1263 3974 l
