2588 4116
398 201 663 264 PANEGYRICUS
685 214 728 266 40.
743 213 786 267 41.
799 215 843 268 42.
856 213 900 266 43.
1091 204 1156 266 263

149 371 197 414 res
213 352 299 413 babet
313 354 460 432 frugalitas
474 356 611 434 principis
625 363 656 413 ut
673 365 715 415 tot
737 356 895 434 inpendiis,
921 365 964 416 tot
984 358 1155 435 erogationi·

150 437 203 496 bus
219 436 280 496 sola
293 436 436 499 sulliciat‘l
450 438 520 498 Nam
533 438 600 517 quid
613 448 657 498 est
670 457 773 498 causae
795 457 845 498 cur
862 439 924 499 aliis
944 441 1074 518 quidem,
1092 459 1155 500 cum

150 522 242 579 omnia
256 531 389 599 raperent
404 531 432 581 et
445 531 525 599 rapta
539 523 711 597 retinerent,
737 533 767 583 ut
783 525 806 580 si
821 521 890 580 nihil
904 526 1079 601 rapuissent,
1106 524 1155 584 de·

150 603 256 663 fuerint
272 607 381 682 omnia,
409 606 477 681 tibi,
504 624 568 665 cum
585 614 639 664 tam
654 604 738 664 multa
755 605 882 682 largiaris
899 615 929 665 et
943 606 1011 665 nihil
1030 608 1153 683 auferas,

123 688 242 756 5omnia
263 686 427 766 supersint?
451 687 608 766 Numquam
629 690 806 766 principibus
829 687 980 749 defuerunt
996 693 1043 768 qui
1062 691 1154 751 fronte

149 772 222 830 tristi
237 780 267 830 et
280 773 359 848 gravi
372 770 527 850 supercilio
540 771 704 832 utilitatibus
718 772 778 834 lusci
792 775 996 833 contumaciter
1011 774 1156 834 adessent.

149 853 191 914 Et.
201 864 279 913 erant
292 857 438 933 principes
449 856 504 933 ipsi
519 874 569 915 sua
582 866 684 934 sponte
699 856 772 915 avidi
784 865 813 915 et
824 874 944 934 rapaces
960 866 989 917 et
1004 860 1053 935 qui
1068 860 1154 935 magi-

150 939 215 996 stris
230 955 287 1000 non
302 947 436 1015 egerent;
453 939 533 1018 plura
547 949 640 999 tamen
649 956 764 1017 semper
778 939 887 999 anobis
904 951 1001 1000 contra
1015 959 1068 1001 nos
1084 941 1154 1000 didi·

150 1030 260 1080 cerunt.
288 1021 346 1080 Sed
361 1022 396 1080 ad
409 1032 471 1082 tuas
486 1041 569 1082 aures
586 1041 649 1082 cum
665 1026 770 1083 ceteris
788 1024 918 1082 omnibus
933 1032 991 1084 tum
1005 1024 1053 1083 vel
1068 1026 1153 1083 niaxi-

106 1117 195 1168 1ome
216 1105 306 1163 avaris
329 1103 533 1165 adulationibus
556 1107 718 1166 obstructus
735 1115 780 1166 cst
794 1106 894 1166 aditus.
933 1106 1024 1167 Silent
1039 1125 1109 1184 ergo
1125 1117 1154 1167 et

150 1189 320 1266 quiescunt,
347 1197 376 1247 et
394 1199 543 1266 postquam
564 1201 678 1250 nonest
700 1192 744 1249 cui
762 1190 928 1264 suadeatur,
956 1193 1003 1267 qui
1019 1191 1154 1250 suadeant

148 1288 205 1329 non
220 1280 294 1329 sunt.
318 1269 383 1342 Quo
401 1273 496 1332 evenit
511 1281 556 1347 ut,
575 1271 797 1351 cumplurimum
811 1274 861 1331 tibi
877 1289 930 1348 pro
944 1275 1016 1348 tuis,
1034 1272 1098 1351 plus
1114 1283 1154 1332 ta·

149 1373 214 1413 meu
231 1371 284 1431 pro
299 1357 404 1415 nostris
418 1356 543 1414 moribus
559 1353 722 1414 debeamus.

210 1437 436 1517 Locupletabant
456 1448 485 1498 et
507 1438 606 1498 liscum
622 1448 650 1498 et
666 1440 802 1497 aerarium
820 1455 876 1497 non
892 1447 947 1498 tam
961 1437 1106 1497 Voconiae
1124 1449 1152 1499 et
1164 1439 1205 1502 42

108 1521 237 1592 15luliae
253 1521 336 1600 leges
349 1533 431 1601 quam
446 1524 598 1582 maiestatis
610 1522 753 1599 singulare
765 1530 794 1581 et
810 1523 921 1580 unicum
936 1523 1041 1580 crimen
1058 1539 1154 1581 eorum

150 1607 198 1684 qui
214 1607 330 1666 crimine
342 1615 486 1667 vacarent.
507 1604 596 1665 Huius
612 1614 763 1666 tumetum
780 1607 894 1684 penitus
912 1605 1068 1681 sustulisti,
1085 1622 1154 1665 con·

149 1699 243 1750 tentus
264 1691 472 1768 magnitudine,
501 1708 555 1767 qua
576 1689 646 1748 nulli
661 1690 751 1765 magis
767 1698 920 1761 caruerunt
939 1706 1021 1766 quam
1037 1690 1083 1767 qui
1100 1690 1153 1748 sibi

148 1775 323 1834 maiestatem
337 1775 525 1834 vindicabant.
550 1772 672 1833 Reddita
694 1782 737 1833 eat
754 1774 850 1832 amicis
867 1772 956 1849 lidos,
978 1772 1076 1832 liberis
1093 1773 1154 1850 pie·
1252 1808 1255 1815 ·

149 1867 209 1933 tas,
232 1859 399 1934 obsequium
416 1859 524 1917 servis:
544 1865 680 1916 verentur
694 1866 723 1916 ct
738 1866 880 1934 parentet
896 1856 1024 1916 dominos
1040 1856 1153 1915 habent.

105 1939 212 2004 2oNon
230 1943 303 1999 onim
318 1943 372 1999 iam
386 1942 462 2000 servi
479 1941 567 1998 nostri
583 1942 720 2017 principis
736 1942 828 2016 amici,
845 1939 897 1999 sed
908 1958 961 2000 nos
976 1957 1084 2016 sumus,
1100 1956 1154 1996 nec

149 2033 231 2101 pater
252 2025 358 2100 patriae
379 2022 480 2082 alienis
496 2040 529 2080 se
548 2023 695 2099 mancipiis
719 2025 856 2081 cariorem
873 2040 954 2099 quam
971 2023 1080 2089 civibus
1096 2023 1154 2080 suis

151 2105 250 2166 credit.
282 2104 388 2164 Omnes
409 2114 576 2164 accusatore
597 2103 755 2164 domestico
776 2103 904 2162 liberasti
924 2122 1038 2183 unoque
1056 2105 1153 2164 salutis

149 2186 282 2267 publicae
298 2190 381 2264 signo
396 2186 483 2263 illud,
508 2196 538 2246 ut
553 2190 595 2247 sic
611 2187 746 2262 dixerim,
763 2185 868 2246 servile
884 2186 989 2245 bellum
1005 2187 1154 2246 sustulisti

150 2271 181 2331 ln
197 2289 253 2348 quo
275 2290 332 2331 non
352 2273 442 2330 minus
460 2272 552 2331 servis
573 2287 655 2348 quam
671 2269 788 2329 dominis
809 2272 987 2348 praestitisti:
1013 2270 1065 2329 hos
1081 2271 1154 2328 enim

106 2362 140 2413 25
150 2373 287 2432 securos,
302 2355 368 2415 illos
385 2355 476 2415 bonos
493 2354 599 2415 fecisti.
627 2353 691 2413 Non
705 2355 748 2413 vis
763 2355 871 2413 interea
888 2352 1009 2420 laudari;
1023 2372 1078 2412 nec
1096 2353 1153 2412 lor·

149 2450 226 2498 tasso
240 2438 376 2498 laudanda
391 2442 460 2498 sint:
482 2447 562 2515 grata
578 2447 643 2496 sunt
658 2446 750 2495 tamen
767 2436 982 2496 recordantibus
997 2438 1154 2515 principem

149 2522 275 2580 illumin
296 2525 388 2600 capita
407 2523 581 2581 dominorum
602 2539 703 2580 servos
726 2521 926 2580 subornantem
940 2529 1153 2580 monstrantem·
1250 2570 1252 2575 ,

151 2623 208 2682 que
224 2606 338 2664 crimina
352 2624 425 2683 quac
441 2613 578 2683 tamquam
594 2604 686 2664 delata
702 2607 828 2684 puniret:
848 2621 977 2681 magnum
992 2613 1021 2663 et
1034 2604 1153 2662 ineuita-

150 2688 208 2747 bile
226 2707 260 2746 ac
277 2690 382 2748 totiens
401 2690 503 2765 cuique
525 2689 727 2767 experiendum
740 2687 857 2763 malurn,
886 2688 1017 2766 quotiens
1032 2689 1153 2764 quisquc

105 2771 259 2836 30'similes
280 2774 401 2850 principi
423 2789 523 2833 servos
544 2772 671 2832 baberet.
706 2771 738 2831 lu
753 2772 855 2831 eodem
869 2790 976 2848 genere
991 2769 1152 2849 ponendum
1163 2766 1204 2828 43

150 2855 291 2932 estquod
314 2864 481 2915 testamenta
499 2864 595 2915 nostra
615 2873 717 2915 secura
735 2864 816 2931 sunt,
845 2873 900 2914 nec
923 2874 994 2914 unus
1019 2854 1151 2928 omnium,

149 2957 223 2997 nunc
239 2941 303 3016 quia
319 2941 455 3018 scriptus,
475 2956 548 2998 nunc
562 2939 625 3015 quia
641 2957 696 2997 uon
712 2942 847 3016 scriptus,
863 2938 959 2997 heres.
978 2937 1042 2996 Non
1057 2948 1086 2996 tu
1102 2935 1153 2994 lal-

149 3025 206 3098 sis,
235 3040 291 3082 non
306 3033 335 3083 tu
351 3023 453 3101 iniquis
468 3023 570 3082 tabulis
585 3021 743 3083 advocaris.
778 3020 889 3080 Nullius
904 3021 939 3079 ad
953 3029 983 3079 te
999 3018 1153 3094 iracundia,

149 3105 254 3164 nullius
272 3107 410 3182 inpietas,
426 3104 529 3165 nullius
544 3106 624 3164 luror
639 3106 780 3182 conlugit;
795 3121 850 3162 uec
863 3106 927 3181 quia
939 3102 1055 3161 offendit
1070 3101 1151 3174 alius,

105 3191 338 3267 35nuncuparia,
365 3187 417 3248 sed
432 3189 496 3266 quia
517 3191 580 3266 ipse
595 3191 730 3247 meruisti.
767 3187 908 3245 Scriberis
925 3186 961 3244 ab
976 3185 1089 3260 amicis,
1118 3183 1153 3242 ab

151 3275 257 3349 ignotis
272 3273 453 3349 praeteriris,
470 3270 597 3347 nihilque
612 3272 685 3330 inter
699 3270 837 3349 privatum
852 3277 880 3328 et
898 3269 1056 3346 principem
1067 3268 1152 3325 inter-

150 3365 213 3431 est,
239 3357 293 3414 nisi
311 3353 387 3432 quod
409 3372 483 3412 nunc
506 3372 522 3412 a
538 3353 667 3430 pluribus
689 3355 804 3411 amaris:
831 3360 938 3410 namet
955 3350 1151 3428 pluresamas.

150 3436 246 3515 lene,
264 3436 386 3514 Caesar,
403 3437 477 3495 hunc
496 3454 624 3513 cursum,
644 3445 672 3495 et
688 3435 852 3513 probabitur
867 3435 1062 3512 experimento
1079 3435 1154 3493 sitne

1049 3816 1055 3833 .
1143 3698 1244 3872 ..fc
