2588 4116
213 244 276 306 210
637 242 669 300 C.
692 240 789 300 PLln't

215 415 271 474 que
291 406 366 455 tuam
387 402 505 455 statuam
520 394 547 451 in
562 391 705 451 vestibulo
721 389 797 451 lovis
814 392 911 469 optimi
926 391 1039 450 maximi
1054 407 1141 449 uuam
1154 388 1219 449 alte·

213 497 309 539 ramve
325 488 355 537 et
369 479 441 537 hanc
456 494 567 536 aeream
583 477 733 535 cernimus.
756 476 795 533 At
814 474 900 554 paulo
915 483 980 533 ante
1001 473 1096 533 aditus
1112 490 1218 547 omues,

215 582 314 623 omnes
335 562 439 638 gradus
460 569 575 635 totaque
595 576 661 617 area
683 558 748 616 hinc
768 577 836 618 auro
857 558 921 617 hinc
936 566 1055 634 argento
1072 555 1220 617 relucebat

214 665 266 708 scu
282 647 377 723 potius
392 643 586 722 polluebatur,
611 660 674 701 cum
693 643 795 702 incesti
811 643 948 719 principis
965 643 1066 701 statuis
1083 641 1219 720 permixta

216 731 334 790 deorum
349 727 501 788 simulacra
515 725 674 785 sorderent.
691 724 770 801 Ergo
786 727 857 786 istae
871 724 985 802 quidem
996 742 1103 783 aereae
1113 733 1143 782 et
1156 736 1236 801 pau-5

215 833 266 874 cae
283 821 410 886 manent,
426 810 635 886 manebuntque
652 808 794 886 quamdiu
811 807 946 887 templum
962 809 1073 886 ipsum;
1092 806 1161 867 illae
1174 825 1217 866 au·

214 907 271 956 tem
285 912 404 955 aureae
418 903 448 952 et
462 891 679 952 innumerabiles
694 901 790 969 strage
806 902 834 952 et
849 893 927 952 ruina
939 891 1058 969 publico
1071 891 1179 969 gaudio
1188 889 1217 948 li·

214 987 353 1038 taverunt.
381 976 496 1035 Iuvabat
512 974 631 1034 inlidere
648 976 712 1036 solo
735 977 956 1053 superbissimos
976 974 1095 1051 vultam,
1116 977 1216 1034 instare

214 1062 307 1134 ferro,
324 1061 436 1119 saevire
452 1058 618 1134 securibus,
635 1069 664 1119 ut
681 1061 705 1120 si
720 1059 848 1135 singulos
860 1062 934 1120 ictus
947 1060 1066 1134 sanguis
1078 1057 1215 1134 dolorque

213 1153 391 1221 sequeretur.
409 1141 500 1203 Nemo
514 1151 570 1201 tam
581 1152 741 1220 temperans
753 1143 846 1218 gaudii
858 1159 1000 1219 seraeque
1014 1141 1143 1202 laetitiae
1155 1142 1216 1218 quin
1224 1152 1247 1203 td

213 1230 300 1287 instar
315 1226 428 1286 ultionis
440 1224 584 1285 videretur
599 1243 718 1285 cernere
739 1226 852 1285 laceros
871 1235 964 1302 artus,
986 1233 1117 1284 truncata
1135 1242 1215 1283 mem·

213 1313 279 1388 bra,
302 1321 448 1389 postremo
472 1319 568 1369 truces
590 1308 806 1386 horrendasque
828 1311 965 1387 imagines
986 1308 1120 1369 obiectas
1136 1324 1215 1367 exco-

215 1405 332 1473 ctasque
348 1396 481 1469 flammis,
503 1402 533 1451 ut
549 1412 585 1452 ex
600 1393 649 1452 illo
667 1402 777 1453 terrore
793 1403 822 1453 et
836 1394 918 1453 minis
933 1394 961 1450 in
978 1410 1062 1451 usum
1076 1392 1215 1452 homiuum

214 1498 247 1539 ac
263 1477 424 1553 voluptates
441 1478 553 1553 ignibus
574 1486 754 1536 mutarentur.
786 1476 874 1535 Simili
896 1476 1078 1552 reverentia,
1101 1473 1213 1551 Caesar,

213 1581 269 1622 non
287 1560 362 1638 apud
376 1562 489 1636 genium
507 1569 583 1618 tuum
596 1561 713 1619 bonitati
728 1570 792 1620 tuae
806 1561 909 1637 gratias
925 1561 988 1636 agi,
1011 1559 1065 1620 sed
1080 1557 1157 1636 apud
1169 1566 1245 1617 nult

213 1663 277 1703 men
292 1644 368 1703 lovis
384 1645 481 1718 optimi
499 1644 610 1701 maximi
626 1645 746 1721 pateris:
769 1642 810 1702 illi
825 1643 932 1703 debere
947 1660 1001 1702 uos
1017 1641 1156 1720 quidquid
1169 1640 1212 1701 tibi

214 1728 385 1802 debeamus,
401 1724 476 1783 illius
492 1726 568 1803 quod
586 1726 658 1784 bene
673 1727 761 1787 iacias
776 1728 899 1787 muneris
914 1745 999 1803 esse,
1022 1728 1072 1804 qui
1087 1736 1116 1786 te
1131 1725 1211 1785 dedit.

212 1810 286 1868 Ante
304 1807 417 1885 quidem
439 1810 569 1883 ingentes
583 1808 737 1868 hostiarum
751 1830 858 1889 greges
873 1829 926 1889 per
941 1808 1132 1888 Capitolinum
1150 1810 1211 1884 iter,

212 1909 313 1968 magna
333 1893 377 1950 sui
399 1901 478 1969 parte
501 1891 580 1951 velut
602 1893 771 1972 intercepti,
792 1895 943 1955 devertere
964 1895 1010 1952 via
1027 1893 1210 1971 cogebantur,

213 1993 277 2036 cum
297 1976 454 2035 saevissimi
474 1975 577 2035 domini
601 1978 775 2037 atrocissima
798 1978 910 2055 efligies
935 1986 1012 2036 tanto
1039 1979 1243 2037 victimarumit

215 2078 315 2120 cruore
332 2059 489 2137 coleretur,
507 2070 638 2139 quantum
653 2063 716 2139 ipse
732 2062 842 2121 humani
859 2062 1004 2137 sanguinis
1017 2059 1208 2139 profundebat.

162 2138 201 2201 53
214 2144 330 2222 Omnia,
353 2153 447 2222 patres
473 2146 643 2222 conscripti,
668 2163 740 2222 quae
756 2146 791 2206 de
805 2144 866 2206 aliis
880 2144 1058 2223 principibus
1080 2164 1098 2205 a
1110 2163 1157 2205 me
1170 2150 1212 2203 aut

213 2229 342 2287 dicuntur
361 2238 407 2288 aut
426 2228 581 2288 dictasunt
599 2248 634 2289 eo
657 2232 797 2306 pertinent
816 2238 846 2288 ut
866 2227 1013 2288 ostendam
1031 2247 1117 2307 quam
1134 2227 1214 2303 longa

214 2312 419 2373 consuetudine
441 2323 592 2390 corruptos
616 2312 843 2391 depravatosque
864 2330 960 2374 mores
976 2314 1157 2390 principatus
1170 2328 1215 2389 pa·
1257 2384 1261 2391 Ι

211 2415 277 2456 rens
290 2406 388 2455 noster
402 2396 538 2455 reformet
552 2406 581 2456 et
593 2396 729 2472 corrigat.
747 2396 863 2474 Alioqui
874 2395 942 2455 nilril
956 2414 1012 2455 uon
1022 2413 1120 2474 parum
1133 2400 1246 2472 gratati
1255 2420 1263 2465 ·,
1278 2425 1289 2476 q

211 2481 273 2537 sine
292 2480 494 2556 conparatione
510 2478 645 2541 laudatur.
681 2478 832 2539 Praeterea
852 2479 908 2539 hoe
923 2482 1042 2559 primurn
1055 2496 1125 2555 erga
1141 2480 1216 2556 opti·
1254 2472 1261 2519 ’ἶ

210 2577 284 2617 mum
300 2565 499 2637 imperatorem
513 2564 623 2638 piorum
638 2564 740 2620 civium
755 2562 879 2622 cilicium
893 2574 954 2640 est,
970 2564 1082 2641 insequi
1096 2560 1216 2623 dissimi·
1259 2577 1263 2591 ¹

211 2642 266 2704 les.
292 2641 394 2719 Neque
417 2644 490 2701 enim
510 2645 578 2703 satis
594 2647 689 2703 amarit
704 2645 796 2706 bonos
811 2649 957 2726 principes
977 2649 1024 2725 qui
1040 2644 1134 2707 malos
1149 2648 1215 2707 satis

210 2743 266 2785 non
283 2725 384 2784 oderit.
416 2725 507 2784 Adice
529 2728 605 2803 quod
626 2729 802 2806 imperatoris
823 2733 912 2791 nostri
934 2730 1081 2790 nonaliud
1094 2729 1215 2809 amplius

211 2829 245 2869 ac
266 2808 393 2869 diffusius
413 2810 542 2868 meritum
560 2820 605 2870 est
625 2830 706 2889 quam
722 2813 798 2891 quod
812 2817 946 2875 insectari
961 2813 1053 2874 malos
1069 2815 1243 2894 principestd
1272 2839 1292 2897 30

212 2903 300 2953 tutum
321 2902 375 2954 est.
414 2891 457 2951 Au
481 2894 585 2953 excidit
606 2894 698 2955 dolori
717 2907 815 2957 nostro
837 2899 922 2957 modo
942 2898 1101 2958 vindicatus
1116 2894 1215 2959 Nero?

210 2979 405 3055 Permitteret‚
430 2977 534 3055 credo,
555 2978 655 3039 lamam
676 2983 818 3060 vitamque
841 2984 902 3042 eius
924 2984 1002 3059 carpi
1024 2983 1073 3060 qui
1093 2992 1216 3044 mortem

210 3062 420 3141 ulciscebatur,
437 3081 493 3124 nec
508 3072 538 3122 ut
554 3064 582 3122 in
597 3083 630 3124 sc
646 3064 719 3124 diota
735 3069 968 3143 interpretaretur
986 3083 1059 3144 quae
1076 3064 1114 3125 de
1131 3065 1216 3127 sindl-

210 3148 277 3210 limo
290 3149 461 3210 dicerentur.
484 3147 578 3219 Quare
589 3167 646 3226 ego
660 3150 731 3227 [te]‚
747 3149 864 3229 Caesar,
879 3151 1044 3211 muneribus
1056 3150 1116 3210 tuis
1129 3151 1216 3211 omui·

211 3235 264 3295 bus
283 3251 423 3312 conparo,
440 3232 535 3294 multis
547 3243 707 3313 antepono,
724 3235 800 3310 quod
814 3234 884 3295 licet
894 3236 977 3296 nobis
992 3244 1021 3295 ct
1034 3236 1062 3293 in
1077 3235 1247 3313 praeteri-at
1269 3259 1289 3316 35

211 3327 270 3377 tum
284 3318 319 3377 de
334 3316 414 3377 malis
429 3319 645 3396 imperatoribus
661 3318 764 3378 cotidie
781 3318 914 3379 vindicari
929 3328 958 3380 et
974 3318 1086 3380 futuros
1098 3320 1155 3380 sub
1169 3338 1218 3381 ex·

212 3398 306 3475 emplo
322 3419 506 3478 praemonere
522 3402 628 3462 nullum
642 3401 750 3481 locum,
767 3402 875 3463 nullum
890 3422 956 3465 esse
972 3412 1087 3481 tempus
1100 3422 1161 3483 quo
1177 3404 1219 3464 iu·

212 3490 357 3541 nestorum
378 3487 536 3565 principum
556 3506 652 3548 manes
668 3507 683 3547 a
698 3497 877 3567 posterorum
898 3488 1132 3551 execrationibus
1153 3506 1219 3550 con·

9 3594 13 3615 ἲ
48 3682 235 3800 Λ
