2588 4116
204 229 266 291 102
626 223 659 284 C.
679 223 776 283 PLlNl

202 392 266 441 runt
282 397 379 439 omnes
396 387 511 457 praeter
526 375 642 436 Fabium
656 375 773 454 Aprum.
793 374 821 434 Is
836 374 1059 434 interdicendum
1077 377 1103 432 ei
1120 375 1206 434 advo-

204 464 361 524 cationibus
374 464 401 520 in
414 462 632 539 quinquennium
647 463 767 537 censuit,
780 469 808 518 et
820 460 945 536 quamvis
957 459 1096 517 neminem
1108 470 1205 520 aucto·

203 551 284 607 ritate
302 545 445 621 traxisset,
464 553 626 604 constanter
635 543 663 601 in
675 543 814 603 sententia
825 543 939 602 mansit:
957 544 1022 620 quin
1034 544 1117 600 etiam
1129 542 1204 602 Dex-

204 642 292 707 trum,
317 631 365 708 qui
380 631 486 706 primus
501 627 643 687 diversum
658 636 824 703 censuerat,
840 625 949 703 prolata
966 625 1033 702 lege
1051 626 1086 685 de
1104 636 1204 687 senatu

179 715 335 774 filtabendo
349 715 440 772 iurare
453 712 549 788 coegit
563 730 581 770 e
596 729 627 770 re
644 710 757 789 publica
773 729 841 770 esse
856 709 932 786 quod
948 711 1117 769 censuisset.
1153 708 1232 770 curs

205 815 370 876 quamquam
386 794 529 871 legitimae
544 794 754 873 postulationia
769 792 936 871 quibusdam
950 792 1133 853 reclamatum
1148 804 1203 853 est.

203 881 385 959 Exprobrare
404 880 478 946 enim
500 881 628 938 censenti
651 878 831 938 ambitionem
851 876 1007 936 videbatur
1046 876 1104 936 Sed
1124 879 1202 955 prius

203 982 286 1042 quam
301 964 458 1022 sententiae
474 961 647 1039 dicerentur,
671 960 816 1038 Nigrinus,
831 959 1085 1038 tribunusplebis,
1103 963 1205 1020 recita-

203 1050 242 1107 vit
258 1044 386 1106 libellum
401 1045 536 1105 disertum
553 1055 582 1105 et
597 1062 723 1122 gravem,
740 1062 797 1123 quo
812 1054 931 1122 questus
946 1054 991 1103 ost
1006 1046 1104 1104 venire
1118 1045 1204 1103 advo·

204 1133 348 1206 cationes,
371 1132 469 1189 venire
486 1129 569 1189 etiam
583 1131 854 1207 praevaricationes,
871 1130 898 1186 in
913 1122 979 1188 lites
996 1129 1082 1204 coiri,
1097 1138 1127 1188 et
1142 1127 1205 1207 glo·
1215 1143 1248 1193 10

179 1215 261 1274 triae
279 1214 345 1274 loco
360 1213 427 1291 poni
442 1231 478 1273 ex
493 1212 594 1291 spoliis
610 1215 711 1272 civium
725 1231 842 1290 magnos
857 1221 886 1272 et
904 1221 993 1273 statos
1008 1212 1123 1272 reditus
1148 1211 1204 1272 Re·

205 1299 301 1358 citavit
322 1299 416 1376 capita.
434 1296 546 1374 legum,
570 1296 710 1357 admonuit
732 1306 846 1357 senatus
869 1294 1108 1355 consultorum.
1100 1315 1127 1354 ιιι
1150 1296 1204 1355 line

205 1383 273 1442 dixit
287 1381 440 1460 petendum
455 1382 490 1441 ab
507 1383 614 1458 optimo
629 1381 758 1459 principe
770 1390 811 1458 ut,
828 1382 891 1458 quia
903 1379 997 1457 leges,
1011 1381 1075 1457 quia
1088 1389 1204 1440 senatus

179 1466 335 1526 8consulta
352 1474 615 1540 contemnerentur,
637 1467 700 1542 ipse
721 1467 803 1524 tantis
826 1466 900 1523 vitiis
915 1463 1086 1523 mederetur.
1118 1463 1204 1522 Pauci

205 1549 283 1626 dies,
309 1545 340 1607 ‘et
362 1547 434 1607 liber
451 1549 586 1626 principis
611 1551 732 1608 severus
750 1557 780 1606 et
797 1558 890 1608 tamen
909 1546 1087 1606 moderatus:
1119 1546 1202 1624 leges
1217 1551 1247 1603 ts

205 1635 311 1709 ipsum;
326 1640 370 1690 est
382 1631 409 1688 in
421 1629 544 1708 publicis
554 1632 634 1692 actis.
652 1630 742 1704 Quam
753 1650 797 1690 me
808 1632 883 1691 iuvat
893 1631 968 1728 quod
978 1632 1006 1688 in
1016 1632 1108 1691 causis
1117 1649 1204 1707 agen·

207 1716 249 1774 dis
269 1732 326 1773 non
343 1713 426 1772 modo
444 1716 575 1791 pactione
591 1715 664 1774 dono
683 1733 800 1775 munere
816 1733 913 1774 verum
928 1715 1011 1774 etiam
1025 1717 1115 1774 xeniis
1130 1732 1204 1774 sem-

181 1802 258 1876 9per
278 1796 412 1857 abstinui!
435 1797 555 1895 Oportet
571 1799 684 1876 quidem
705 1816 778 1875 quae
800 1808 864 1858 sunt
883 1797 1032 1858 inhonesta
1052 1817 1108 1858 non
1125 1798 1204 1877 quasi

206 1880 310 1939 inlicita
329 1879 382 1940 sed
399 1883 478 1960 quasi
495 1882 625 1960 pudenda
641 1885 745 1942 vitare:
773 1870 922 1942 iucundum
941 1892 1052 1959 tamen,
1072 1902 1095 1943 st
1088 1881 1204 1961 probi·

164 1965 266 2024 10ber1
289 1963 405 2063 publice
425 1965 522 2026 rideas
544 1967 619 2044 quod
637 1983 786 2043 numquam
800 1966 927 2045 tibirpse
942 1968 1116 2066 permiseris.
1144 1964 1247 2025 liutto

204 2049 375 2126 sortasse,
368 2067 451 2108 immo
471 2068 527 2110 non
548 2050 632 2110 dubie
653 2050 735 2109 buius
754 2050 895 2129 propositi
914 2053 969 2110 mei
988 2059 1017 2110 et
1039 2050 1129 2108 minor
1143 2048 1204 2109 laus

204 2140 232 2191 et
251 2134 401 2193 obscurior
414 2134 497 2211 lama,
515 2151 578 2193 cum
593 2151 691 2194 omnes
705 2151 740 2193 ex
754 2135 926 2194 necessitate
942 2134 1046 2194 facient
1058 2132 1133 2211 quod
1148 2150 1205 2209 ego

204 2227 315 2316 sponte,
318 2217 466 2277 faciebam.
486 2217 600 2279 Interim
612 2218 692 2278 fruor
701 2216 860 2296 voluptate,
873 2236 936 2275 cum
949 2217 996 2276 alii
1012 2217 1132 2276 divinum
1147 2234 1205 2294 me,

203 2299 249 2359 alii
261 2303 331 2362 meis
349 2303 465 2380 rapinis,
481 2320 562 2361 meae
577 2302 708 2361 avaritiae
723 2316 872 2359 occursum
883 2316 937 2376 per
951 2299 1045 2356 ludum
1060 2315 1093 2357 ao
1110 2300 1206 2358 iocum

203 2383 338 2446 dictitant
373 2383 454 2444 Vale.
1215 2385 1249 2436 ‘25

600 2511 692 2572 xun.
717 2511 800 2590 [ιιι]

488 2611 515 2660 G.
534 2610 658 2660 PLINIUS
676 2609 792 2660 PONTIO
811 2609 871 2660 SUO
891 2608 916 2657 S.

176 2728 191 2779 1
262 2711 449 2771 Secesseram
467 2712 495 2770 in
515 2712 712 2791 municipium,
735 2730 798 2771 cum
818 2711 883 2770 mihi
905 2711 1058 2770 nuntiatum
1073 2720 1117 2770 est
1133 2708 1204 2770 Cor-

176 2806 297 2860 onutum
313 2792 470 2853 Tertullum
485 2795 637 2873 accepisse
660 2795 797 2858 Aemiliae
818 2796 881 2855 viae
898 2812 1002 2853 curam.
1035 2792 1245 2872 Exprimere30

200 2896 256 2937 non
271 2894 388 2976 possum
404 2888 507 2955 quanto
523 2880 575 2939 sim
597 2881 700 2957 gaudio
720 2880 849 2940 adlectus
866 2888 894 2938 et
910 2880 1000 2956 ipsius
1021 2887 1050 2937 et
1067 2895 1133 2939 meo
1153 2897 1204 2938 no·

201 2962 289 3030 miue;
304 2961 405 3040 ipsius,
422 2962 509 3040 quod,
525 2962 561 3022 sit
576 2963 655 3043 lieet,
671 2966 743 3025 sicut
753 2974 808 3041 est
823 2963 858 3022 ab
870 2979 943 3022 omnr
937 2962 1105 3023 ambitione
1117 2961 1204 3041 longe

201 3055 337 3122 remotus,
353 3045 439 3107 debet
455 3057 548 3107 tamen
563 3068 589 3108 er
583 3049 738 3110 iucundus
749 3048 840 3108 honor
851 3064 918 3106 esse
928 3044 1003 3105 ultro
1018 3045 1112 3114 datus;
1127 3063 1203 3123 meo,

123 3127 145 3187 J
202 3129 279 3208 quod
301 3130 442 3208 aliquanto
469 3134 560 3209 magis
583 3151 628 3193 me
650 3121 773 3194 delectat
798 3129 953 3191 mandatum
975 3129 1042 3188 mibi
1069 3130 1202 3205 officium,

174 3222 352 3293 3postquam
366 3232 417 3293 par
434 3213 560 3277 Cornuto
574 3216 665 3277 datum
681 3217 776 3278 video.
795 3213 897 3292 Neque
913 3216 987 3274 enim
1002 3231 1100 3290 augeri
1093 3214 1203 3290 digni·
1194 3220 1245 3272 -35

88 3300 91 3304 ’
203 3307 259 3358 tate
274 3317 358 3376 quam
374 3301 489 3378 aequari
505 3300 587 3361 bonis
604 3303 720 3378 gratius.
751 3297 878 3359 Cornuto
893 3307 985 3358 autem
1001 3297 1068 3375 quid
1081 3293 1203 3357 melius?

203 3381 269 3456 quid
292 3381 437 3443 sanctius?
460 3383 526 3462 quid
546 3385 575 3443 in
596 3385 670 3443 omni
685 3401 793 3461 genere
809 3381 899 3442 laudis
911 3381 945 3441 ad
960 3380 1121 3457 exemplum
1136 3379 1204 3440 anti·

203 3464 317 3540 quitatis
340 3465 530 3543 expressius?
553 3467 628 3545 quod
647 3467 713 3525 mibi
735 3469 879 3544 cognitum
902 3475 948 3526 est
966 3482 1024 3524 non
1039 3464 1128 3542 lama,
1150 3481 1204 3541 qua
