2588 4116
345 194 608 258 EPISTULARUM
621 196 684 257 Vll.
708 210 732 259 l.
747 210 773 261 2.
789 209 814 260 3.
832 210 857 261 4.
1051 200 1111 264 133

103 346 224 405 animum
238 344 403 426 vultumque
419 354 568 425 conposui.
594 350 673 424 Quae
685 350 736 411 tibi
752 354 867 430 scripsi,
884 353 1014 430 primum,
1031 363 1062 412 ut
1075 360 1133 416 tei

103 446 160 489 non
182 430 244 491 sine
267 432 401 510 exemplo
416 449 579 511 monerem,
607 434 719 510 deinde,
743 445 774 495 ut
791 437 819 494 in
835 444 981 514 postemm
994 439 1058 514 ipse
1074 437 1109 498 ad

104 512 224 573 eandem
239 517 453 593 temperantiam
468 515 673 596 adstringerer,
690 536 753 577 cum
768 537 813 579 me
827 519 881 579 bac
896 520 1017 598 epistula
1029 523 1109 598 quasi

103 599 225 675 pignore
241 599 424 677 obligassem.
455 598 534 660 Vale.

585 719 621 780 ll.

408 821 434 870 o.
453 820 577 872 asturus
591 820 683 872 russo
700 821 760 873 suo
779 821 805 871 s

168 919 409 994 Quemadmodum
431 926 563 1002 congruit
583 935 614 984 ut
634 923 718 986 simul
739 933 769 985 et
790 924 921 985 adfirmes
939 933 968 984 te
985 923 1134 989 adsiduisl

105 1007 341 1084 occupationibus
358 1007 487 1085 impediri
500 1018 529 1069 ct
545 1009 652 1086 scrIpta
669 1018 766 1069 nostra
781 1009 948 1084 desideres,
967 1026 1040 1087 quae
1060 1011 1109 1067 vix

63 1105 96 1158 10
105 1088 140 1150 ab
160 1092 260 1150 otiosis
276 1092 428 1166 impetrare
443 1091 549 1169 aliquid
566 1095 684 1170 perituri
700 1096 836 1171 temporis
851 1100 973 1170 possunt
980 1089 995 1150 ‘l
1017 1091 1134 1153 Patiara

105 1190 176 1250 ergo
201 1182 340 1234 aestatem
357 1176 511 1253 inquietam
530 1175 615 1234 uobis
637 1177 848 1253 exercitamque
869 1186 1062 1236 transcurrere
1080 1186 1109 1234 et

104 1256 199 1317 bieme
221 1257 349 1334 demum,
372 1275 435 1316 cum
457 1257 595 1317 credibile
618 1261 672 1318 erit
692 1259 824 1318 noctibus
848 1258 947 1317 saltem
962 1275 1064 1318 uacare
1079 1270 1109 1318 te

104 1359 205 1419 posse,
221 1359 354 1418 quaeram
370 1341 436 1420 quid
451 1343 629 1420 potissimum
646 1360 682 1401 en
697 1343 781 1418 nugis
797 1343 868 1402 meis
884 1341 935 1400 tibi
950 1340 1107 1402 exhibeam.

104 1423 218 1484 Interim
233 1425 343 1484 abunde
355 1435 411 1502 est,
428 1427 452 1484 si
464 1424 604 1504 epistulae
616 1444 672 1486 non
685 1434 748 1486 sunt
759 1424 913 1493 molestae;
929 1434 994 1483 sunt
1005 1433 1134 1502 autem,3

62 1517 95 1568 15
106 1518 134 1568 et
149 1509 214 1569 ideo
229 1509 378 1570 breviores
395 1519 484 1569 erunt.
516 1508 597 1569 Vale.
1000 1518 1003 1523 '

581 1623 631 1686 lli.

358 1723 384 1774 o.
405 1723 531 1774 annulus
550 1722 730 1774 Panaenum
748 1721 808 1773 suo
828 1722 855 1774 s,

169 1823 294 1885 Tantane
311 1827 524 1903 perseverantia
545 1835 575 1885 tu
595 1826 680 1886 modo
702 1828 729 1885 in
749 1824 871 1885 Lucania
886 1823 969 1883 modo
984 1823 1012 1882 iu
1028 1820 1134 1888 Cam-1

62 1905 208 1987 appanis?
236 1907 316 1986 ‘lpse
336 1910 421 1967 enim’
446 1910 540 1984 inquis
563 1907 722 1985 lucanus,
747 1926 818 1967 uxor
840 1904 1002 1985 Campana'.
1032 1903 1109 1965 Iusta

107 2008 193 2050 causa
215 1989 353 2066 longioris
370 1990 533 2065 absentiae,
553 2007 611 2049 uon
626 2000 783 2070 perpetuae
803 1998 904 2048 tamen.
939 1987 1013 2058 Quin
1038 2003 1136 2064 ergoa

106 2072 258 2149 aliquando
279 2074 307 2130 iu
329 2072 429 2131 urbem
446 2069 543 2131 redis?
571 2073 618 2131 ubi
642 2073 763 2148 dignitas
784 2072 876 2130 bonor
895 2071 1032 2129 amicitiae
1054 2080 1110 2129 tam

107 2157 274 2233 superiores
292 2172 375 2234 quam
392 2155 525 2214 minores.
550 2153 708 2234 Quousque
729 2150 882 2230 regnabis?
904 2169 1054 2229 quousque
1069 2155 1109 2210 vi·

106 2238 208 2317 gilabis
232 2258 297 2298 cum
317 2238 416 2314 voles,
434 2236 557 2298 dormies
573 2256 656 2316 qnam
673 2238 719 2297 diu
736 2232 838 2297 voles?
857 2253 1006 2314 quousque
1020 2234 1111 2293 calcei

64 2336 97 2387 aa
107 2341 262 2402 nusquam,
287 2334 355 2400 toga
376 2322 491 2398 feriata,
508 2321 582 2382 liber
596 2330 672 2383 totns
689 2317 772 2381 dies?
794 2319 918 2398 Tempus
935 2328 980 2377 est
995 2327 1024 2376 te
1037 2321 1135 2381 reri-3

108 2427 174 2467 sere
188 2407 334 2468 molestias
349 2414 479 2483 nostras,
496 2405 545 2465 vel
560 2407 598 2466 ob
612 2406 669 2467 boc
684 2405 792 2482 solum,
808 2423 844 2464 ne
859 2402 1022 2480 voluptates
1038 2402 1111 2460 istae

109 2493 238 2551 satietate
259 2491 453 2568 languescant.
488 2489 583 2550 Saluta
598 2489 755 2568 paulisper,
771 2505 827 2567 quo
846 2489 882 2549 sit
898 2486 948 2546 tibi
964 2486 1111 2545 iucundius

110 2573 239 2649 salutari,
254 2582 349 2632 terere
361 2575 389 2632 in
400 2574 454 2633 bac
469 2574 567 2648 turha,
584 2582 614 2633 ut
625 2583 654 2634 te
670 2572 793 2634 solitudo
806 2572 942 2632 delectet.
975 2569 1033 2628 Sed
1045 2568 1138 2648 quida

110 2654 263 2733 inprudens
274 2673 358 2733 quem
369 2673 491 2716 euocare
504 2674 593 2717 conor
601 2653 736 2718 retardo?
751 2655 884 2717 Fortasse
900 2656 973 2714 enim
983 2653 1027 2713 bis
1038 2654 1111 2730 ipsis

65 2739 268 2805 aoadmoneris
288 2748 318 2799 ut
339 2747 367 2797 te
387 2739 476 2816 magis
487 2758 522 2801 ac
539 2744 628 2818 magis
644 2744 701 2801 otio
720 2739 864 2809 involvas;
891 2738 966 2819 quod
983 2755 1039 2814 ego
1055 2753 1111 2795 non

109 2824 238 2900 abrumpi
253 2822 305 2882 sed
320 2823 464 2882 intermitti
481 2822 557 2884 volo.
588 2825 625 2885 Ut
638 2827 727 2900 enim,
752 2827 776 2884 si
792 2842 889 2885 cenam
906 2823 956 2882 tibi
973 2821 1136 2895 iacerem,5

109 2907 240 2967 dulcibus
265 2907 337 2966 cibis
356 2922 438 2965 acres
460 2916 619 2985 acutosque
634 2911 804 2985 miscerem,
826 2916 856 2967 nt
875 2908 993 2966 obtusus
1008 2903 1065 2963 illis
1083 2911 1112 2961 et

109 2991 214 3052 oblitus
233 2990 395 3050 stomachus
411 2988 455 3047 his
471 2991 656 3068 excitaretur,
671 2994 709 3051 ita
724 3010 799 3051 nunc
810 2994 910 3051 hortor
922 2997 951 3048 ut
969 2985 1111 3046 iucundis·

110 3077 209 3135 simum
225 3093 317 3152 genus
332 3074 408 3133 vitae
429 3073 571 3134 nonnullis
586 3075 724 3135 interdum
740 3077 819 3153 quasi
835 3072 967 3133 acoribus
986 3068 1110 3128 condias.

66 3175 100 3228 35
110 3157 190 3219 Vale.

578 3239 642 3299 llll.

396 3337 422 3387 G.
439 3337 564 3388 PLlNlUS
581 3335 697 3387 PONTlO
718 3333 777 3385 SUO
799 3333 825 3386 S.

171 3438 222 3498 Ais
237 3437 345 3516 legisse
359 3447 388 3498 te
402 3435 660 3510 hendecasyllabos
672 3449 766 3503 meos;
781 3433 904 3510 requiris
920 3432 1003 3492 etiam
1017 3439 1139 3510 quem-l
