2588 4116
194 218 236 280 m
624 215 655 275 C.
679 213 776 275 l'LlNl

172 381 242 443 qest
255 371 328 431 enim
343 368 393 429 illo
409 371 483 430 vitae
499 386 607 446 genere
624 368 790 427 distinctius.
824 365 871 426 lle
887 376 980 427 autem
996 375 1026 426 ut
1047 377 1143 429 certus
1164 371 1201 430 si-

198 456 296 515 derum
310 471 410 514 cursus
425 454 463 512 ita
477 454 535 511 rita
549 452 690 510 bominum
702 450 838 528 disposita
854 449 989 528 delectat,
1007 468 1106 511 senum
1119 471 1201 530 prae-

198 540 303 600 sertim.
327 536 397 596 Nam
416 538 535 596 iuvenes
551 535 669 596 confusa
688 534 780 594 adbuc
794 534 931 614 quaedam
951 543 980 594 et
996 536 1076 613 quasi
1092 537 1202 597 turbata

198 640 255 681 non
276 620 424 690 indecent;
449 619 565 680 senibus
585 618 696 698 placida
716 621 807 678 omnia
830 628 859 679 et
874 618 999 679 ordinata
1017 623 1200 698 conveniunt,

174 705 303 784 aquibus
320 704 454 765 industria
469 720 551 778 sera,
573 703 664 781 turpis
678 702 793 761 ambitio
809 711 863 763 est.
894 700 972 762 llanc
985 701 1114 780 regulam
1128 705 1227 782 Spu-5

200 792 278 849 rinna
292 788 518 848 constantissime
535 795 642 855 servam
664 786 730 864 quin
745 788 828 846 ctiam
842 803 928 866 parva
943 785 1030 864 baec,
1050 805 1153 866 parra,
1178 790 1201 847 si

200 891 256 932 non
280 870 383 931 cotidie
406 871 488 949 liant,
517 870 615 930 ordine
643 870 763 949 quodam
785 880 813 931 et
833 869 913 931 velut
935 871 1005 931 orbe
1028 871 1200 948 circumagit.

171 954 280 1026 4blane
296 954 404 1014 lectulo
416 955 586 1031 continetur,
598 952 667 1013 hora
680 954 805 1014 secunda
818 954 934 1015 calceos
949 955 1061 1033 poscit,
1081 955 1202 1014 ambulat

197 1038 271 1097 milia
292 1055 425 1116 passuum
446 1040 498 1098 tria
516 1056 572 1098 nec
595 1039 685 1098 minus
704 1040 821 1098 animum
841 1056 923 1117 quam
946 1055 1051 1117 corpus
1072 1048 1200 1098 exercet.

198 1123 228 1181 Si
245 1121 344 1193 adsunt
364 1123 462 1199 amici,
489 1121 680 1183 honestissimi
701 1140 848 1183 sermones
868 1122 1060 1202 explicantur:
1089 1125 1112 1182 si
1133 1128 1245 1198 non,10

198 1205 272 1265 liber
286 1204 405 1282 legitur3
418 1206 557 1266 interdum
569 1208 653 1268 etiam
667 1206 865 1285 praesentibus
879 1207 994 1283 amicis,
1014 1207 1038 1266 si
1052 1213 1144 1266 tamen
1161 1205 1201 1265 illi

175 1306 255 1358 anon
272 1298 429 1366 gravantur.
453 1289 564 1350 Deinde
577 1290 709 1366 considit,
726 1299 755 1350 et
768 1289 843 1350 liber
853 1308 950 1352 rursus
963 1298 1010 1349 aut
1022 1307 1116 1349 sermo
1128 1288 1201 1349 libro

200 1375 308 1452 potior:
334 1390 401 1433 mox
420 1373 583 1434 vehiculum
606 1374 750 1451 ascendit,
773 1373 892 1434 adsumit
913 1392 1031 1434 uxorem
1052 1372 1201 1450 singularis

173 1457 326 1536 fiexempli
346 1458 394 1517 vel
415 1457 539 1535 aliquem
553 1460 723 1536 amicorum,
744 1467 774 1517 ut
793 1476 839 1518 me
859 1459 996 1537 proxime.
1033 1456 1122 1530 Quam
1140 1457 1201 1534 pul·

201 1541 298 1600 ebrum
314 1540 400 1617 illud,
421 1558 503 1617 quam
524 1539 609 1600 dulce
630 1539 789 1600 secretum!
810 1551 942 1619 quantum
958 1541 997 1600 ibi
1015 1540 1245 1619 antiquitatisllb

201 1642 273 1702 quae
295 1623 386 1699 lacta,
415 1641 487 1700 quos
509 1625 586 1682 viros
610 1623 720 1684 audias!
751 1625 852 1702 quibus
876 1626 1039 1704 praeceptis
1060 1624 1199 1683 imbuere!

201 1707 327 1784 quamvis
342 1704 392 1765 ille
407 1706 463 1766 boc
480 1716 730 1786 temperamentum
745 1709 901 1770 modestiae
917 1727 985 1770 suae
1002 1708 1149 1784 indixerit,
1165 1727 1200 1767 ne

174 1791 370 1869 apraecipere
384 1790 520 1850 videatur.
554 1791 680 1852 Peractis
698 1800 808 1871 septem
825 1792 937 1853 milibus
954 1810 1088 1872 passuum
1101 1794 1201 1851 iterum

200 1871 322 1931 ambulat
341 1872 436 1951 mille,
460 1876 562 1934 iterum
579 1875 677 1935 residit
696 1875 744 1935 vel
763 1895 796 1936 se
819 1877 952 1937 cubiculo
967 1895 1001 1936 ac
1018 1875 1084 1936 stilo
1100 1876 1200 1935 reddit.

201 1956 305 2016 Scribit
317 1956 402 2034 enim,
421 1966 450 2016 et
463 1959 575 2036 quidem
586 1969 704 2038 utraque
716 1959 823 2038 lingua,
839 1960 928 2036 lyrica
943 1961 1120 2021 doctissima:
1135 1961 1245 2018 miralo

200 2038 257 2099 illis
276 2038 416 2118 dulcedo,
440 2043 508 2102 mira
520 2045 659 2121 suavitas,
686 2046 753 2103 mira
768 2044 909 2122 hilaritas,
929 2046 1008 2105 cuius
1022 2046 1138 2122 gratiam
1154 2063 1201 2102 cu·

172 2122 286 2188 amulat
302 2127 436 2186 sanctitas
461 2128 621 2188 scribentis.
654 2127 709 2188 Ubi
728 2129 797 2189 bora
818 2129 922 2188 balinei
942 2130 1065 2189 nuntiata
1082 2138 1126 2188 est
1141 2128 1201 2205 (est

200 2216 292 2268 autem
305 2208 398 2270 hieme
410 2228 494 2288 nona,
510 2222 617 2273 aestate
631 2213 758 2291 octava),
774 2215 802 2272 in
816 2212 891 2288 sole,
908 2214 931 2271 si
944 2222 1022 2271 caret
1032 2221 1129 2288 vento,
1146 2229 1202 2270 am·

200 2291 278 2352 bulat
293 2292 394 2354 nudus.
413 2293 524 2356 Deinde
539 2306 668 2357 movetur
681 2295 738 2373 pila
752 2294 935 2353 vehementer
947 2302 975 2352 et
991 2294 1051 2352 diu:
1067 2312 1129 2351 nam
1145 2295 1202 2353 boc

200 2395 314 2454 quoque
331 2380 540 2439 exercitationis
553 2397 660 2454 genere
676 2385 781 2454 pugnat
797 2392 858 2433 cum
872 2384 1032 2433 senectute.
1050 2373 1136 2432 Lotus
1153 2395 1200 2434 ac·
1211 2385 1248 2436 25

201 2460 284 2519 cubat
299 2469 328 2518 et
344 2458 490 2536 paulisper
505 2462 597 2518 cibum
612 2459 719 2516 differt:
734 2458 843 2515 interim
858 2454 933 2514 audit
945 2454 1091 2530 legentem
1102 2460 1200 2515 remis-

200 2545 258 2600 sius
273 2541 378 2616 aliquid
393 2550 422 2598 et
440 2538 558 2600 dulcius.
582 2540 637 2605 Per
647 2539 703 2597 boc
716 2555 796 2596 omne
812 2547 923 2616 tempus
939 2537 1060 2598 liberum
1075 2548 1119 2600 est
1134 2541 1200 2598 ami·

176 2626 243 2689 ocis
258 2620 305 2680 vel
321 2620 420 2679 eadem
441 2621 538 2681 iacere
554 2620 600 2681 vel
619 2620 688 2698 alia,
711 2623 735 2681 si
748 2620 851 2682 malint.
885 2620 1045 2702 Adponitur
1061 2643 1130 2684 cena
1145 2643 1201 2683 non

199 2707 290 2763 minus
303 2703 387 2762 nitida
402 2721 484 2781 quam
497 2705 570 2781 lrugi
586 2707 611 2763 in
624 2715 742 2782 argento
756 2716 868 2784 puroet
882 2710 1013 2786 antiquo:
1031 2711 1134 2768 suntin
1148 2728 1200 2768 usu

201 2797 230 2846 et
247 2784 406 2862 Corinthia,
433 2789 535 2864 quibus
555 2788 713 2849 delectatur
726 2807 781 2848 nec
797 2790 932 2850 adicitur.
959 2790 1137 2870 Frequenter
1153 2811 1199 2852 co·
1210 2803 1244 2857 30

200 2869 308 2928 moedis
326 2887 396 2928 cena
418 2869 612 2949 distinguitur,
640 2881 670 2931 ut
691 2873 853 2952 voluptates
877 2893 991 2953 quoque
1013 2875 1112 2937 studiis
1135 2895 1201 2936 con·

201 2953 317 3011 diantur.
339 2953 428 3012 Sumit
444 2953 548 3032 aliquid
563 2955 598 3014 dc
613 2967 699 3016 nocte
717 2967 745 3017 et
760 2967 881 3019 aestate:
898 2960 1002 3019 nemini
1014 2958 1071 3018 boc
1086 2960 1201 3037 longum

159 3047 192 3099 10
201 3046 260 3105 est;
276 3045 351 3096 tanta
364 3038 494 3098 comitate
511 3040 669 3098 convivium
682 3040 808 3101 trahitur.
829 3041 897 3103 lnde
914 3040 954 3102 illi
969 3051 1035 3121 post
1051 3046 1201 3120 septimum

201 3131 230 3181 et
245 3124 503 3200 septuagensimum
515 3141 614 3181 annum
626 3126 733 3184 aurium
747 3125 893 3185 oculorum
905 3128 988 3204 vigor
999 3129 1121 3203 integer,
1136 3126 1200 3186 inde

158 3214 187 3265 ll
202 3206 277 3282 agile
294 3215 323 3265 et
338 3206 459 3265 vividum
474 3224 578 3286 corpus
593 3206 711 3285 solaque
727 3227 764 3267 ex
776 3219 927 3270 senectute
943 3210 1097 3288 prudentia.
1121 3209 1199 3268 Hanc
1209 3221 1244 3273 35

201 3307 257 3366 ego
274 3292 358 3349 vitam
372 3302 441 3352 voto
456 3301 485 3351 ct
501 3293 673 3370 cogitatione
689 3309 856 3369 praesumo,
878 3296 1058 3371 ingressurus
1073 3293 1199 3351 avidissi-

200 3390 257 3447 me,
273 3383 302 3432 ut
319 3376 437 3450 primum
449 3378 520 3436 ratio
531 3376 630 3436 aetatis
642 3378 771 3451 receptui
784 3395 887 3437 canere
899 3377 1067 3456 permiserit.
1086 3374 1200 3433 Interim

144 3537 165 3581 R
200 3456 277 3516 mille
295 3456 438 3518 laboribus
454 3469 603 3536 conteror,
626 3476 743 3538 quorum
764 3460 829 3519 mibi
846 3471 875 3519 et
895 3458 1032 3520 solacium
1053 3469 1082 3518 et
1104 3477 1199 3518 exem·
