2588 4116
382 224 644 286 EPISTULARUM
657 225 693 285 V.
711 238 738 290 6.
1029 231 1070 292 95

64 376 279 437 saluberrimum
300 374 433 435 adflatum
457 395 494 436 ex
516 377 695 457 Appenninis
714 377 836 440 vallibus
858 383 976 459 recipit:
1002 391 1069 460 post

62 459 208 520 latissimis
229 459 364 519 fenestris
381 463 497 537 vineas,
519 461 608 522 valvis
624 480 716 539 aeque
731 464 846 541 uineas,
869 465 920 524 sed
936 482 989 542 per
1005 483 1068 540 cry·

62 545 273 623 ptoporticum,
299 544 378 622 quasi
391 543 518 603 admittit.
550 545 577 604 Α
593 544 682 605 latere
697 545 827 624 triclinii,
845 547 919 624 quod
934 546 1067 610 fenestris
1075 560 1113 614 30

62 636 161 703 caret,
186 626 281 686 scalae
299 629 429 685 convivio
448 627 525 687 utilia
540 630 698 688 secretiore
715 630 819 689 ambitu
841 641 1006 708 suggerunt.
1035 631 1068 691 ln

34 713 118 778 5iine
135 709 314 786 cubiculum,
343 711 387 769 cui
402 729 459 770 non
475 713 565 772 minus
584 713 735 772 iucundum
750 724 936 792 prospectum
953 724 1068 793 crypto-

61 797 192 873 porticus
212 796 273 870 ipsa
293 809 378 870 quam
397 797 497 854 vineae
520 796 667 873 praebent.
707 797 814 857 Subest
836 802 1067 876 cryptoporticus

62 879 266 939 subterraneae
287 877 399 945 similis;
426 884 534 939 aestate
559 879 670 940 incluso
696 879 803 957 frigore
823 884 898 958 riget
922 891 1066 942 contenta-

63 981 119 1042 que
137 968 206 1021 atire
227 979 280 1021 suo
303 981 359 1020 nec
383 962 525 1022 desiderat
545 982 626 1024 auras
649 982 704 1023 nec
719 964 843 1024 admittit.
882 965 950 1025 Post
965 975 1065 1025 utram·
1074 976 1106 1029 31

62 1064 119 1126 que
143 1047 386 1123 cryptoporticum
406 1046 480 1106 unde
504 1047 654 1106 triclinium
681 1047 783 1107 desinit
804 1050 902 1127 incipit
924 1052 1063 1126 porticus,

17 1139 125 1203 10ante
142 1129 264 1188 medium
280 1129 355 1188 diem
369 1129 502 1207 hiberna,
524 1130 656 1191 inclinato
673 1131 718 1191 die
735 1134 853 1192 aestiva.
886 1131 945 1192 llac
961 1133 1065 1193 adeun·

59 1223 106 1274 tur
120 1213 229 1273 diaetae
246 1212 329 1291 duae,
347 1231 461 1291 quarum
472 1216 500 1273 in
514 1214 604 1287 altepa
619 1213 750 1274 cubicula
762 1225 893 1292 quattuor
903 1215 991 1275 altera
1001 1219 1064 1293 tria,

60 1307 91 1357 ut
106 1298 235 1357 circumit
248 1295 310 1373 sol,
334 1307 381 1357 aut
398 1297 461 1358 sole
476 1306 590 1357 utuntur
603 1309 649 1358 aut
666 1298 771 1357 umbra.
804 1297 882 1357 Hanc
902 1298 1109 1375 dispositio-32

59 1399 126 1442 nem
141 1382 396 1459 amoenitatemque
416 1390 557 1440 tectorum
577 1379 664 1459 longe
683 1380 827 1460 longeque
843 1381 990 1460 praecedit
1004 1382 1065 1460 bip·

59 1464 226 1544 podromus.
258 1464 370 1525 Medius
388 1467 509 1541 patescit
525 1467 675 1544 statimque
696 1467 854 1525 intrantium
876 1464 967 1525 oculis
988 1474 1064 1526 totus
1143 1462 1146 1469 '

18 1549 191 1624 1111111111,
204 1547 323 1626 platanis
337 1550 506 1608 circumitur.
526 1548 596 1608 lllae
607 1550 712 1609 hedera
723 1550 882 1609 vcstiuntur
892 1558 980 1627 utque
991 1568 1065 1609 sum-

61 1650 124 1692 mae
146 1634 205 1692 suis
220 1634 258 1691 ita
278 1635 349 1692 imae
365 1632 465 1693 alienis
482 1633 629 1693 frondibus
645 1636 751 1693 virent:
774 1632 880 1693 hedera
893 1642 1022 1692 truncum
1036 1642 1066 1692 et

60 1733 155 1776 mmos
171 1725 299 1794 pererrat
317 1719 482 1794 vicinasque
499 1716 628 1796 platanos
649 1719 765 1778 transitu
788 1735 839 1775 suo
862 1714 990 1794 copulat:
1014 1715 1064 1776 has

61 1800 153 1859 buxus
168 1802 331 1860 interiacet:
348 1803 507 1861 exteriores
523 1802 613 1861 buxos
626 1802 810 1861 circumvenit
825 1800 920 1860 laurus
935 1800 1063 1859 umbrae-

62 1901 119 1962 que
134 1882 310 1963 platanorum
326 1902 403 1944 suam
420 1883 539 1945 conlert.
562 1883 1108 1963 11111111111111111111111111111-ὃό

18 1977 151 2035 11111111
169 1977 249 2045 parte
269 1967 440 2042 hemicyclio
462 1968 599 2046 frangitur
618 1978 761 2046 mutatque
777 1966 894 2028 faciem:
918 1969 1063 2045 cupressis

59 2051 181 2112 ambitur
194 2060 224 2110 et
237 2053 353 2126 tegitur,
371 2050 505 2111 densiore
521 2052 618 2111 umbra
630 2054 747 2130 opacior
756 2054 934 2129 nigriorque3
950 2052 1064 2110 interio-

58 2135 141 2195 ribus
167 2132 280 2192 circulis
310 2133 392 2210 (sunt
419 2135 493 2192 enim
519 2132 631 2213 plures)
653 2136 833 2212 purissimum
855 2134 928 2196 diem
951 2136 1062 2212 recipit.

58 2218 130 2278 lnde
148 2218 231 2275 etiam
246 2233 326 2276 rosas
342 2215 426 2276 ellert
448 2217 664 2294 umbrarumque
681 2218 772 2294 frigus
792 2236 848 2276 non
869 2221 978 2296 ingmto
1000 2217 1063 2277 sole
1071 2224 1107 2277 34

60 2302 216 2378 distinguit.
238 2299 329 2360 Finito
340 2302 419 2360 vario
435 2300 485 2360 illo
502 2300 707 2380 multiplicique
720 2303 879 2361 curvamine
891 2312 972 2362 recto
984 2301 1063 2361 limiti

19 2398 52 2451 15
59 2385 203 2460 redditur,
221 2403 276 2444 nec
290 2385 356 2444 huic
370 2387 425 2444 uni.
448 2384 519 2446 Nam
534 2387 596 2446 viae
611 2385 709 2464 plures
724 2385 965 2446 intercedentibus
981 2386 1063 2446 buxis

61 2470 229 2530 dividuntur.
262 2468 340 2529 Alibi
359 2469 499 2548 pratulum
515 2469 581 2529 alibi
603 2471 665 2548 ipsa
680 2470 772 2530 burrus
786 2471 938 2530 intervenit
958 2471 986 2528 in
1006 2469 1063 2528 111-
1072 2474 1107 2527 35

61 2572 120 2614 mas
135 2552 212 2612 mille
228 2552 388 2631 descripta,
409 2554 518 2614 litteras
532 2554 687 2630 interdum,
707 2571 779 2633 quae
795 2554 880 2614 modo
894 2571 997 2613 nomen
1015 2554 1064 2612 do-

61 2638 127 2696 mini
143 2637 239 2697 dicunt
253 2637 337 2697 modo
355 2639 485 2699 artificis:
500 2638 616 2698 alternis
630 2638 753 2698 metulae
766 2647 883 2716 snrgunt
897 2638 1011 2698 alternis
1024 2639 1064 2695 in-

61 2730 139 2782 serta
151 2730 216 2780 sunt
226 2739 320 2799 poma,
337 2730 366 2781 et
380 2722 408 2780 in
423 2739 513 2800 opere
528 2720 714 2783 urbanissimo
730 2723 822 2783 subita
835 2720 915 2782 velut
929 2721 1004 2780 inlati
1018 2739 1064 2778 ru·

19 2808 99 2874 toris
127 2805 252 2865 imitatio.
290 2803 414 2865 Medium
439 2808 559 2884 spatium
579 2807 758 2867 brevioribus
778 2809 918 2883 utrimque
942 2805 1063 2883 platanis

61 2889 225 2949 adornatur:
248 2897 314 2967 post
336 2888 386 2949 has
407 2890 540 2951 acanthus
556 2890 621 2950 hinc
638 2891 704 2951 inde
719 2889 845 2951 lubricus
860 2900 888 2950 et
905 2889 1062 2963 flexuosus,
1072 2893 1106 2946 36

62 2972 165 3033 deinde
187 2972 285 3051 plures
305 2973 412 3050 figurae
433 2972 571 3053 pluraque
592 2977 713 3034 nomina.
743 2973 776 3034 ln
798 2975 891 3052 capite
915 2971 1063 3032 stibadium

18 3078 21 3083 ·
63 3056 182 3118 candido
203 3074 341 3116 marmore
362 3058 420 3117 vite
438 3060 611 3136 protegitur:
633 3060 721 3118 vitem
742 3065 873 3136 quattuor
894 3051 1063 3115 columellae

62 3138 210 3218 Carystiae
224 3141 356 3201 subeunt.
376 3140 422 3200 Ex
435 3141 555 3201 stibadio
569 3160 650 3220 aqua,
666 3141 746 3201 velut
756 3158 895 3219 expressa
906 3137 1065 3197 cubantium

17 3225 207 3306 topondere,
229 3223 386 3304 sipunculis
407 3224 515 3303 eliluit,
539 3236 638 3286 cavato
660 3224 754 3302 lapide
771 3224 942 3298 suscipitur,
965 3215 1065 3293 gracili

59 3325 199 3370 marmore
217 3311 393 3386 continetur,
415 3307 507 3386 adque
527 3311 564 3369 ita
585 3308 700 3369 occulte
714 3313 887 3384 temperatur
902 3311 932 3362 ut
949 3298 1065 3377 impleat

59 3413 117 3457 nec
131 3392 280 3453 redundet.
304 3391 492 3453 Gustatorium
507 3395 677 3470 graviorque
693 3407 764 3450 cena
778 3388 895 3464 margini
910 3386 1063 3465 inponitur,
1072 3391 1104 3445 ot

58 3478 155 3539 levior
170 3476 351 3537 naucularum
368 3488 397 3537 et
417 3477 508 3537 avium
524 3477 620 3553 liguris
639 3477 765 3533 innatans
787 3472 924 3532 circumit.
958 3468 1063 3529 Conrtra

1124 3672 1228 3872 s

1099 4003 1148 4054 ,χ
