2588 4116
122 247 183 312 154
545 243 577 303 C.
601 242 696 303 PLlNl

121 400 238 461 saeculo
257 397 482 483 estgmtulatus,
499 398 544 454 cui
555 394 716 472 exemplum
729 395 787 472 (sic
800 395 872 452 enim
887 393 1017 470 scripsit)
1031 392 1123 450 simile

79 495 114 548 lo
123 486 244 562 antiquis
262 484 440 558 contigisset.
469 478 564 555 llaec,
580 487 731 555 utcumque
747 496 779 537 se
793 477 914 552 habent,
939 478 1049 534 notiora
1066 475 1123 535 cla·

121 570 196 626 riom
217 567 321 626 maiora
335 576 364 625 tu
382 564 485 623 iacies:
509 566 674 640 quamquam
689 576 745 619 non
757 563 842 637 erigo
858 570 888 619 ut
902 559 1026 618 excedas
1040 568 1124 618 actae

121 651 164 709 rei
184 650 306 709 modum.
337 648 408 707 Nam
428 663 483 705 nec
502 646 618 705 historia
640 645 726 703 debet
744 643 843 720 egredi
860 644 1008 702 veritatem
1024 651 1053 701 et
1072 643 1124 701 ho·

122 743 204 794 ueste
219 733 302 793 iactis
316 732 421 791 veritas
437 728 550 790 suflicit.
584 726 665 787 Vale.
1134 732 1151 783 5

338 1022 375 1104 t.
406 1020 518 1101 Pthl
549 1018 708 1102 ontottt
739 1015 913 1098 suoouot

238 1185 1007 1304 urrsuutnnun
1134 1156 1168 1207 ¹⁰

472 1379 568 1433 LIBEll
591 1376 762 1432 OCTAVUS.

608 1523 630 1582 1.

399 1625 425 1674 c.
445 1623 570 1674 ouranos
590 1621 732 1672 sormoro
751 1620 809 1670 suo
827 1619 852 1670 S.

99 1749 114 1799 1
186 1724 245 1785 lter
262 1725 409 1785 commode
426 1725 564 1804 explicui,
582 1733 707 1800 excepto
724 1722 921 1802 quodquidam
938 1740 975 1781 ex
991 1725 1063 1783 meis
1078 1725 1125 1784 ad·

97 1827 236 1881 prorsam
251 1809 430 1869 valitudinem
445 1808 662 1868 ferventissimis
679 1807 806 1868 aestibus
830 1814 1037 1867 contraxerunt.
1068 1807 1126 1868 En·

125 1891 236 1970 colpius
253 1891 364 1969 quidem
378 1892 488 1969 lector,
503 1891 552 1951 ille
570 1892 644 1951 seria
658 1899 771 1967 nomm,
787 1889 836 1949 ille
852 1889 988 1968 deliciae,
1004 1909 1126 1970 exaspe-

121 1977 189 2035 ratis
205 1975 333 2036 lau'cibus
345 1977 465 2055 pulvere
478 1977 642 2054 sanguinem
655 1976 765 2035 reiecit.
789 1971 878 2046 Quam
891 1973 972 2035 triste
987 1974 1043 2033 hoc
1057 1977 1123 2054 ipsi,
1134 1997 1168 2048 20

123 2078 205 2137 quam
220 2061 355 2119 acerbum
368 2059 451 2138 mihi,
476 2062 501 2120 si
515 2061 539 2120 is
555 2061 600 2119 cui
617 2062 706 2119 omnis
724 2077 762 2118 ex
776 2058 876 2118 studiis
892 2059 981 2134 gratia
995 2058 1125 2120 inhabilis

124 2142 223 2204 studiis
243 2143 342 2204 fucrit!
367 2142 436 2217 Quis
457 2143 559 2203 deinde
580 2141 695 2203 libellos
715 2160 796 2202 meos
818 2143 861 2202 sic
877 2139 973 2218 leget,
995 2146 1038 2203 sic
1052 2161 1126 2202 ama·

95 2224 184 2288 abit?
202 2245 286 2304 quern
299 2245 383 2287 aures
397 2246 478 2287 meae
493 2229 536 2288 sic
550 2223 727 2305 sequentur?
749 2224 807 2285 Sed
825 2225 861 2282 dii
876 2222 994 2283 laetiora
1010 2230 1126 2303 promit·

121 2321 193 2371 tunt.
226 2312 310 2370 Stetit
328 2313 460 2388 sanguis,
475 2309 582 2370 resedit
594 2308 686 2368 dolor.
717 2307 868 2365 Praeterea
883 2309 1030 2365 continens
1046 2312 1124 2386 ipse,

1133 1583 1166 1633 15

121 2411 174 2453 nos
190 2394 316 2469 solliciti,
329 2393 432 2451 medici
449 2391 610 2467 diligentes.
631 2389 676 2447 Ad
689 2388 746 2446 hoc
758 2385 906 2445 salubritas
922 2387 1005 2462 caeli,
1021 2407 1123 2450 seces·
1135 2411 1170 2461 25

122 2494 182 2552 sus,
199 2478 280 2551 quies
295 2484 400 2532 tantum
418 2473 516 2533 salutis
531 2479 661 2547 quantum
677 2470 726 2529 otii
740 2465 922 2544 pollicentur.
943 2466 1023 2529 Vale.

600 2599 636 2659 ΙΙ.

393 2699 419 2752 C.
438 2699 562 2750 PLINIUS
581 2698 728 2752 oanvlsw
747 2698 807 2751 SUO
823 2699 849 2754 S.

96 2817 111 2868 1
182 2801 239 2861 Alii
252 2803 280 2859 in
294 2799 410 2880 praedia
426 2817 476 2859 sua
497 2802 731 2880 proficiscuntur,
753 2811 783 2861 ut
804 2801 1010 2881 locupletiores
1024 2817 1165 2871 rever-30

123 2893 225 2961 tantur,
242 2900 311 2962 ego,
327 2893 358 2944 ut
372 2886 533 2962 pauperior.
562 2884 750 2947 Vendideram
760 2885 915 2947 vindemias
931 2889 1057 2946 certatim
1072 2907 1123 2948 ne-

55 2985 59 2990 ·
121 2969 307 3048 gotiatorihus
329 2969 501 3028 ementibus.
532 2969 670 3032 Invitabat
691 2972 829 3050 pretium,
856 2980 886 3031 et
907 2970 983 3047 quod
1006 2982 1072 3030 tunc
1094 2982 1123 3032 et

15 3088 18 3093 >
93 3053 197 3134 2quod
216 3052 279 3113 lore
296 3052 453 3113 videbatur.
486 3053 561 3133 Spes
581 3052 693 3114 felellit.
728 3053 796 3114 Erat
814 3053 977 3132 expeditum
994 3057 1122 3116 omnibus

119 3139 266 3198 remittere
280 3137 452 3216 aequaliter,
477 3137 529 3198 sed
543 3155 598 3197 uon
610 3141 677 3200 satis
688 3155 818 3216 aequum.
848 3136 915 3197 ttini
932 3148 1025 3197 autem
1039 3158 1123 3215 egre·

121 3225 198 3300 glum
214 3223 353 3302 inprimis
368 3220 495 3299 videtur,
516 3231 546 3281 ut
567 3222 637 3282 foris
654 3225 692 3282 ita
713 3222 804 3298 domi,
825 3231 855 3280 ut
876 3224 904 3280 in
918 3224 1026 3298 magnis
1040 3224 1078 3282 ita
1094 3224 1164 3290 in35

122 3309 235 3383 parvis,
256 3316 286 3366 ut
301 3307 329 3365 in
343 3304 442 3366 alienis
458 3306 495 3365 ita
511 3306 539 3365 in
554 3307 628 3382 suis,
652 3308 761 3382 agitare
776 3307 916 3366 iustitiam.
945 3304 1015 3364 Nam
1031 3307 1055 3365 si
1073 3323 1122 3384 pa·

36 3406 49 3429 ·
94 3390 161 3451 oria
176 3398 314 3466 peccata,
341 3407 425 3468 pares
442 3390 526 3450 etiam
539 3388 647 3449 laudes.
681 3389 780 3468 ltaque
797 3390 924 3449 omnihus
940 3388 1069 3466 quidem,
1085 3408 1122 3448 nc

122 3473 185 3547 quis
202 3471 269 3530 milri
286 3489 342 3531 non
355 3472 473 3533 donatus
489 3473 597 3550 abiret,
615 3482 724 3552 partem
740 3481 867 3534 octavam
882 3474 966 3551 pretii
986 3489 1043 3550 quo
1058 3473 1123 3551 quis
