2588 4116
409 262 672 324 EPISTULARUM
686 264 723 324 11.
746 274 845 328 15016.
861 272 905 330 tt.
1114 269 1155 332 37

147 414 316 492 habendos,
342 417 481 496 quianon
503 419 558 477 sint
580 417 733 476 oonlrnnati
754 425 937 484 testamento;
963 418 1039 497 quod
1053 421 1096 482 ius
1117 438 1181 491 nen

148 499 217 558 mibi
238 498 353 577 quidem
374 502 502 577 ignotum
524 510 585 575 est,
609 517 672 559 cum
690 498 785 561 sithiu
806 501 889 558 etlam
907 510 1003 560 uotum
1024 506 1072 581 qui
1086 506 1154 567 nihil

149 580 226 643 aliud
237 583 339 643 sciunt.
355 583 414 643 Sed
426 599 483 661 ego
495 585 637 661 propriam
650 582 787 661 quandam
799 581 895 659 legem
906 582 972 643 mihi
985 585 1052 662 dixi,
1064 598 1094 646 ut
1107 588 1155 650 de·

149 665 493 743 iunctorumvoluntatcs,
507 668 615 728 etiamsi
628 667 689 726 iure
702 666 904 742 delicerentur,
917 669 997 745 quasi
1010 670 1156 747 perlectas

123 756 258 809 intuerer.
290 747 409 812 Constat
423 760 516 812 autem
532 748 681 810 codicillos
698 752 770 810 istos
785 747 905 812 Aciliani
922 767 1003 811 manu
1020 753 1155 830 scriptos.

148 831 231 893 Licet
249 851 320 911 ergo
336 851 392 894 non
404 837 460 895 sint
474 834 630 894 confirmati
644 841 827 909 testamento,
843 852 859 894 a
874 851 919 893 me
935 843 1028 895 tamen
1044 844 1074 896 ut
1088 851 1183 905 con-3

150 918 251 978 linnati
266 918 512 994 observabuntur,
537 918 705 997 praesertim
723 933 788 975 cum
802 915 921 977 delatori
935 917 1018 979 locus
1033 936 1089 979 non
1107 923 1155 980 sit.

149 997 221 1062 Nam
237 1002 262 1061 si
276 1001 432 1062 verendum
446 1010 526 1063 esset
546 1020 582 1061 ne
598 1000 674 1079 quod
689 1017 746 1077 ego
761 998 904 1060 dedissem
920 1002 1045 1080 populus
1059 1006 1178 1083 eripe-4

149 1093 212 1161 ret,
234 1087 410 1145 cunctantior
427 1085 550 1146 tortasse
571 1094 601 1144 et
621 1086 729 1144 cautior
742 1102 810 1144 esse
826 1083 976 1145 deberem:
1004 1103 1068 1145 cum
1083 1106 1155 1149 uero

106 1165 236 1233 loliceat
247 1168 346 1229 heredi
359 1168 463 1229 donare
480 1168 558 1247 quod
571 1169 598 1226 in
610 1166 767 1227 hereditate
783 1167 924 1244 subsedit,
939 1167 1007 1228 nibil
1022 1171 1155 1248 estquod

150 1252 249 1312 obstet
263 1250 304 1310 ulli
321 1268 402 1311 meae
419 1251 495 1329 legi,
511 1252 556 1310 cui
569 1249 701 1328 publicae
717 1248 801 1325 leges
818 1267 873 1309 non
884 1262 1052 1328 repugnant.
1072 1252 1155 1314 Vale.

444 1481 470 1530 C.
490 1481 616 1532 Pttxtt's
635 1482 743 1532 GALLO
762 1482 823 1532 sto
841 1482 866 1531 S,

106 1594 141 1646 15
214 1580 325 1644 bliraris
346 1601 397 1642 cur
416 1601 461 1644 me
484 1583 683 1646 Laurentinum
706 1586 771 1663 vel,
794 1588 819 1647 si
841 1587 880 1647 ita
900 1589 1005 1664 mauis,
1029 1584 1180 1652 Laurensl

149 1683 245 1727 meum
258 1675 335 1726 tanto
356 1684 446 1745 opere
468 1666 610 1729 delectet:
636 1668 751 1730 desines
766 1672 877 1747 mirari,
901 1687 966 1728 cum
981 1673 1154 1748 cognoveris

149 1752 268 1828 gratiam
282 1748 384 1826 villae,
405 1754 624 1830 oportunitatem
637 1752 694 1813 loci
703 1798 713 1830 ,
728 1753 819 1814 litoris
834 1755 966 1832 spatium.
999 1752 1109 1816 Decem
1125 1763 1181 1816 eta

151 1844 264 1912 septem
283 1832 396 1895 milibus
418 1852 553 1914 passuum
573 1837 609 1896 ab
630 1837 700 1897 urbe
722 1839 862 1914 secessit,
883 1846 913 1897 ut
932 1840 1057 1916 peractis
1080 1857 1154 1917 quae

151 1917 261 1994 agenda
281 1917 386 1978 luerint
406 1919 486 1980 salvo
508 1923 561 1981 iam
576 1929 605 1980 et
621 1924 782 1999 composito
799 1919 844 1980 die
860 1921 956 1999 possis
975 1921 1013 1980 ibi
1028 1939 1154 1982 manere.

105 2000 252 2061 uoluitur
271 2018 328 2060 non
342 2019 396 2060 una
408 2003 468 2071 via;
489 2021 553 2063 nam
567 2013 597 2063 et
612 2003 778 2066 Laurentina
792 2014 822 2065 et
838 2002 980 2065 Ostiensis
995 2002 1096 2064 eodem
1112 2005 1154 2064 le·

149 2095 228 2159 runt,
245 2083 297 2143 sed
311 2083 510 2145 Laurentinaa
526 2094 626 2162 quarto
644 2086 755 2145 decimo
769 2085 875 2163 lapide,
897 2085 1037 2147 Ostiensis
1053 2088 1088 2147 ab
1104 2105 1154 2146 un·

149 2168 265 2227 decimo
281 2163 466 2242 relinquenda
482 2176 537 2225 est.
564 2166 712 2244 Utrimque
727 2170 834 2245 excipit
848 2171 902 2228 iter
916 2168 1009 2245 aliqua
1022 2188 1059 2229 ex
1074 2179 1155 2245 parte

150 2251 341 2324 harenosum,
362 2248 466 2309 iunctis
486 2249 574 2327 paulo
589 2251 704 2327 gravius
724 2261 753 2310 et
769 2250 901 2327 longius,
923 2266 999 2326 equo
1021 2251 1109 2310 breve
1125 2261 1154 2310 et

150 2332 250 2394 molle.
279 2331 363 2394 Varia
379 2331 444 2391 binc
458 2341 543 2411 atque
558 2333 624 2394 inde
640 2332 745 2394 iacies:
762 2351 824 2395 nam
839 2332 924 2392 modo
939 2333 1182 2394 occurrentibuso

106 2417 233 2482 tosilvis
247 2417 293 2477 via
308 2424 465 2493 coartatur,
486 2416 571 2478 modo
592 2418 736 2479 latissimis
752 2419 839 2494 pratis
856 2414 1018 2476 dillunditur
1032 2426 1061 2476 et
1076 2427 1155 2494 pate

152 2503 222 2570 sclt;
249 2499 328 2559 multi
351 2518 459 2577 greges
474 2502 586 2578 ovium,
607 2500 693 2563 multa
707 2502 745 2561 ibi
763 2517 902 2580 equorum
917 2501 1002 2560 boum
1017 2511 1153 2579 mmenta,

151 2602 226 2663 quae
237 2583 380 2643 montibus
391 2583 484 2645 bieme
496 2583 617 2665 depulsa
628 2585 725 2646 herbis
737 2594 767 2645 et
779 2594 881 2663 tepore
895 2600 986 2645 verno
1001 2587 1154 2646 nitescunt.

150 2666 227 2727 Villa
240 2668 340 2728 usibus
352 2684 453 2745 capax,
467 2687 524 2728 non
537 2677 703 2747 sumptuosa
714 2668 813 2730 tutela.
836 2667 924 2729 Cuius
934 2670 961 2727 ln
974 2670 1061 2746 prima
1073 2676 1180 2746 partes

152 2752 252 2812 atrium
268 2750 344 2828 lrngi
364 2768 419 2810 nec
438 2760 532 2812 tamen
549 2751 709 2828 sordidum,
735 2751 836 2812 deinde
852 2753 980 2830 porticus
996 2755 1022 2812 in
1036 2751 1062 2812 D
1077 2751 1153 2813 litte·

107 2841 203 2895 dbrae
216 2833 426 2895 similitudinem
441 2837 639 2913 circumactae,
657 2836 760 2915 quibus
775 2835 893 2914 parvola
907 2835 958 2895 sed
974 2835 1076 2897 lestiua
1089 2855 1154 2896 area

152 2916 313 2978 includitur.
335 2916 492 2995 Egregium
506 2918 559 2979 bae
574 2918 711 2981 aduersus
726 2928 912 2998 tempestates
923 2918 1153 2997 receptaculum:

152 3019 216 3062 nam
231 2999 429 3080 specularibus
446 3019 479 3061 ac
495 3002 583 3062 multo
597 3004 687 3080 magis
701 3004 909 3064 imminentibus
930 3005 1013 3063 tectis
1027 3004 1154 3061 muninn·

152 3095 209 3146 tur.
230 3083 283 3145 llst
299 3094 397 3147 contra
413 3084 521 3146 medias
537 3085 700 3147 cavaedium
716 3085 823 3162 hilare,
837 3103 904 3145 mox
917 3086 1067 3145 triclinium
1086 3086 1179 3144 satist

152 3168 315 3246 pulchrum,
332 3167 409 3247 quod
425 3171 452 3227 in
468 3167 534 3229 litus
546 3171 682 3246 excurrit,
698 3188 732 3231 ac
744 3172 768 3230 si
784 3170 895 3248 quando
909 3169 1008 3226 Africo
1023 3185 1099 3226 mare
1114 3168 1154 3223 in·

108 3252 268 3330 dopulsum
283 3260 340 3328 est,
356 3252 452 3312 lractis
466 3254 520 3313 iam
537 3263 566 3313 et
582 3255 743 3313 novissimis
759 3253 892 3311 lluctibus
907 3250 1010 3310 leviter
1023 3247 1154 3307 adluitur.

153 3335 284 3414 Undique
299 3334 396 3397 ualuas
412 3344 458 3395 aut
473 3335 613 3397 lenestras
628 3353 685 3395 noo
702 3338 827 3395 minores
838 3332 929 3393 valvis
943 3331 1045 3407 habet,
1069 3340 1154 3410 atque

152 3422 192 3480 ita
207 3440 224 3480 a
239 3418 401 3480 lateribusa
416 3419 511 3479 lronte
524 3421 603 3497 quasi
618 3420 670 3479 tria
684 3419 768 3477 maria
783 3423 966 3495 prospectat;
984 3433 999 3475 a
1014 3423 1096 3492 tergo
1108 3434 1153 3475 ca·

152 3502 303 3582 taedium,
319 3505 477 3581 porticum,
493 3519 603 3579 aream,
620 3503 762 3579 porticum
776 3515 887 3576 rursus,
902 3515 969 3559 mox
979 3500 1089 3575 atrium,
1105 3498 1153 3558 sil·
