2588 4116
161 245 224 310 274
586 243 618 302 U.
639 239 736 301 PLlNl

162 404 290 476 eipatus‚
315 406 345 456 ut
360 399 413 456 iam
428 404 580 455 excusatus
596 393 751 452 honoribus
767 400 796 450 et
817 390 971 470 expletus,
997 393 1170 454 consulatum

160 483 312 555 recusasti,
328 499 413 558 quem
424 481 490 538 novi
502 482 688 556 imperatores
702 476 870 536 destinatum
881 475 947 536 aliis
959 477 989 535 in
1006 495 1041 537 se
1057 479 1169 539 transle-
1198 466 1203 547 ,l

160 567 267 626 rebant.
291 564 354 624 Fuit
366 566 447 624 etiam
465 565 512 640 qui
530 565 557 621 in
570 563 744 639 principatus
756 560 799 617 sui
811 558 866 618 fine
881 558 1077 638 consulatum,
1094 580 1169 640 quen

160 650 277 711 dederat
292 651 372 726 ipse,
389 665 487 724 magua
504 665 540 706 ex
552 655 631 723 parte
648 647 700 704 iam
715 651 827 720 gestum
843 652 1037 721 extorqueret
1052 653 1085 705 et
1095 664 1167 724 rape·

158 744 211 792 ret.
241 732 303 792 Hoc
320 750 391 809 ergo
406 732 532 805 honore,
552 747 635 807 quem
651 738 680 788 et
695 728 867 803 incipientes
883 729 1036 806 principes
1053 739 1085 789 et
1101 730 1182 799 desi-s

159 826 260 877 nentes
282 816 353 875 adeo
377 817 584 891 concupiscunt
605 822 635 871 ut
656 811 799 886 auferant,
827 818 857 869 tu
878 812 975 872 otioso
997 831 1033 872 ae
1054 825 1166 875 vacante

160 902 278 977 privatis
304 900 427 959 cessisti.
464 898 661 957 Invidiosusne
680 904 740 955 erat
755 902 802 953 aut
819 894 871 953 tibi
885 897 989 955 tertius
1007 898 1165 959 consulatus

159 992 204 1041 aut
220 984 341 1060 principi
357 979 483 1059 primus?
515 980 585 1041 Nam
603 979 758 1041 seeundum
777 979 933 1056 imperator
954 980 1092 1058 quidem,
1121 983 1164 1042 sub

158 1068 329 1142 imperatore
346 1075 438 1123 tamen
455 1066 544 1140 inisti,
560 1065 686 1141 nihilque
704 1064 824 1140 inputari
837 1064 866 1121 in
877 1079 914 1122 eo
925 1063 975 1122 vel
989 1064 1097 1125 -honori
1111 1075 1165 1144 pot·

161 1158 204 1208 est
220 1147 267 1208 vel
282 1147 416 1226 exemplo
431 1149 485 1208 nisi
501 1149 679 1225 obsequium.
708 1145 751 1206 lta
770 1163 858 1222 vero,
881 1165 954 1224 quae
973 1150 1077 1209 civitas
1093 1154 1193 1229 quin-lo

159 1235 241 1310 quies
256 1243 341 1311 atque
358 1235 442 1292 etiam
455 1234 549 1292 sexies
563 1231 697 1292 consules
708 1231 792 1305 vidit,
809 1247 865 1289 non
880 1229 947 1291 illos
960 1234 1010 1310 qui
1025 1235 1165 1311 expirante

160 1318 212 1374 iam
230 1316 361 1377 libertate
378 1319 502 1395 pervim
517 1334 551 1376 ac
568 1316 715 1377 tumultum
728 1314 912 1391 creabantur,
929 1315 985 1375 sed
1002 1318 1109 1395 quibus
1125 1338 1163 1378 se-

158 1402 261 1480 positis
280 1411 308 1460 et
323 1402 486 1461 absentibus
503 1403 530 1459 in
548 1420 611 1459 rura
629 1419 679 1460 sua
696 1398 857 1460 consulatus
873 1398 1058 1479 ferebantur,
1075 1405 1104 1462 in
1118 1403 1164 1463 bae

159 1487 273 1544 civitate
290 1487 402 1545 tertium
423 1484 598 1545 consulatum
618 1487 752 1563 princeps
767 1484 882 1559 generis
901 1482 1015 1543 humani
1035 1495 1069 1545 ut
1090 1505 1163 1565 prae·

158 1586 273 1645 gravem
294 1566 457 1629 recusasti?
486 1567 611 1628 'lantone
627 1566 742 1645 Papiriis
761 1567 843 1625 etiam
855 1575 884 1624 et
902 1566 1026 1638 Quintiis
1040 1571 1191 1635 moderati

156 1655 212 1711 tior
226 1652 374 1730 Augustus
392 1662 421 1712 et
436 1651 542 1714 Caesar
558 1662 587 1712 et
602 1661 683 1731 pater
700 1647 829 1728 patriae?
848 1650 886 1709 At
903 1649 973 1712 illos
987 1670 1037 1714 res
1054 1656 1162 1733 publica

157 1737 260 1797 ciebat.
293 1734 390 1808 Quid?
416 1746 445 1796 te
464 1756 520 1797 non
535 1737 634 1797 eadem
649 1754 696 1795 res
719 1731 853 1812 publica?
878 1752 936 1794 non
952 1737 1091 1800 senatus?
1110 1758 1161 1800 non

156 1819 318 1880 consulatus
333 1822 413 1898 ipse,
435 1822 482 1898 qui
502 1821 556 1880 sibi
573 1823 628 1880 tuis
643 1822 748 1880 umeris
764 1817 854 1878 attolli
870 1828 899 1878 et
911 1838 1071 1898 augescere
1086 1825 1161 1884 vide·
1180 1886 1191 1911 ¹

105 1906 144 1967 58
156 1899 221 1960 tur?
243 1900 307 1961 Non
322 1912 350 1964 te
365 1904 399 1964 ad
417 1905 564 1983 exemplar
578 1906 639 1965 eius
655 1920 729 1964 voco
745 1905 792 1980 qui
811 1904 951 1964 continuis
971 1906 1160 1967 consulatibus

155 1985 264 2047 lecerat
280 1986 397 2066 longum
415 1989 553 2066 quendam
572 1999 601 2048 et
618 1991 679 2049 sine
695 1988 855 2048 discrimine
871 2006 989 2050 annum:
1001 1991 1035 2050 iis
1047 2000 1078 2051 te
1095 2002 1190 2053 con-to

155 2070 217 2130 lero
240 2090 312 2150 quos
335 2082 443 2132 certum
464 2084 526 2150 est,
554 2076 684 2152 quotiens
707 2071 840 2132 eonsules
863 2072 997 2152 luerunt,
1031 2076 1157 2135 nonsibi

155 2158 345 2231 praestitisse.
367 2155 435 2216 llrat
450 2158 477 2215 in
493 2167 593 2217 senatu
610 2167 654 2217 ter
669 2155 787 2232 consul,
805 2174 869 2214 cum
882 2165 913 2216 tu
930 2161 1047 2219 tertium
1063 2177 1157 2221 consu·

154 2238 239 2299 latum
255 2240 421 2301 recusabas.
444 2241 604 2302 Onerosum
616 2243 716 2302 neseio
733 2240 800 2318 quid
811 2242 1003 2304 verecundiae
1019 2253 1088 2306 tuae
1100 2262 1159 2304 eon·

154 2343 257 2385 sensus
273 2333 372 2385 noster
389 2323 544 2401 indixerat,
560 2337 591 2386 ut
607 2327 744 2404 princeps
760 2325 863 2384 totiens
878 2326 980 2386 consul
997 2346 1083 2391 esses
1095 2346 1161 2408 quo·
1194 2330 1203 2395 ,’

152 2409 227 2469 tiens
245 2418 359 2468 senator
382 2417 460 2468 tuus:
486 2412 567 2470 nimia
583 2410 722 2470 modestia
743 2409 817 2468 istud
835 2410 921 2469 etiarn
936 2412 1064 2488 privatus
1079 2422 1203 2481 recudi„

153 2508 259 2551 casses.
295 2493 340 2550 An
365 2492 521 2552 consularis
542 2496 596 2552 viri
617 2492 850 2571 triumphalisque
868 2493 960 2572 altus,
992 2514 1057 2557 curn
1076 2499 1161 2558 tertio
1193 2494 1203 2563 ξ]

153 2574 253 2630 consul
272 2583 400 2649 creatur,
417 2573 567 2635 ascendit?
591 2594 647 2634 non
662 2576 790 2636 debitum
806 2577 861 2636 hoc
878 2576 940 2638 illi?
961 2598 1019 2639 non
1034 2580 1086 2641 vel
1103 2581 1162 2642 sola
1192 2572 1203 2637 l!

151 2657 268 2731 generis
286 2655 413 2716 claritate
429 2657 632 2734 promeritum?
670 2658 797 2738 Contigit
818 2679 890 2738 ergo
911 2662 1030 2741 privatis
1048 2667 1159 2743 aperire
1197 2668 1203 2689 ·

151 2755 252 2796 annum
273 2739 421 2815 fastosque
442 2758 592 2820 reserare,
620 2755 648 2805 et
671 2745 727 2804 boc
743 2763 858 2823 quoque
873 2747 1004 2808 redditae
1020 2749 1159 2810 libertatis
1198 2712 1203 2751 ¹

150 2820 284 2879 indicium
301 2820 353 2880 luit
370 2823 446 2900 quod
459 2827 559 2886 consul
574 2827 645 2888 alius
659 2846 741 2907 quam
756 2826 862 2888 Caesar
876 2839 964 2889 esset.
990 2829 1041 2889 Sic
1053 2836 1185 2895 exactistt

149 2904 268 2980 regibus
285 2908 382 2985 eoepit
398 2906 471 2968 liber
491 2928 594 2973 annus:
618 2916 660 2975 sic
678 2914 744 2973 olim
759 2913 882 2972 servitus
898 2911 980 2989 pulsa
996 2915 1109 2991 privata
1124 2918 1159 2978 la·

149 2989 200 3047 stis
213 2992 324 3049 nomina
341 2991 456 3052 induxit.
478 2994 600 3058 Miseros
614 2998 773 3059 ambitionis
786 2997 833 3074 qui
845 2998 883 3055 ita
895 2999 1033 3062 consules
1046 3019 1160 3081 semper

148 3081 179 3131 ut
196 3091 311 3152 semper
323 3077 469 3156 principes
482 3081 576 3141 erant!
598 3081 771 3160 Quamquam
782 3097 838 3139 uon
850 3081 963 3140 ambitio
975 3086 1071 3161 magis
1079 3103 1159 3166 quan

148 3155 221 3217 livor
241 3168 270 3218 et
293 3159 451 3237 malignitas
470 3164 562 3224 videri
586 3175 681 3242 potest
697 3183 795 3225 omnes
810 3182 898 3226 annos
913 3168 1070 3245 possidere
1086 3168 1158 3230 sumt

147 3259 281 3320 mumque
297 3243 367 3303 illud
385 3262 526 3324 purpurae
543 3249 632 3310 decus
647 3268 703 3309 non
718 3251 772 3309 nisi
787 3261 988 3329 praecerptum
1004 3255 1188 3331 praetonat

147 3335 263 3404 tumque
276 3330 474 3389 transmittere.
498 3330 584 3392 Tuam
595 3351 665 3393 vero
678 3336 929 3411 magnanimitatem
941 3355 976 3396 an
988 3339 1160 3401 modestiam

147 3425 181 3465 an
190 3409 393 3485 benignitatem
399 3416 477 3491 prius
484 3413 591 3475 mirer?
602 3416 833 3495 Magnanimitatis
841 3421 893 3481 fuit
902 3424 1033 3499 expetito
1043 3439 1160 3501 semper

146 3489 255 3552 honore
271 3493 425 3577 abstinere,
441 3498 598 3561 modestiae
611 3502 727 3582 cedere,
741 3505 922 3583 benignitatis
935 3524 989 3586 per
1001 3508 1080 3570 alios
1092 3508 1157 3568 lrui.
