2588 4116
382 240 645 303 narsrnmnnn
659 239 682 298 1.
703 249 746 302 19.
760 251 804 302 ιο.
1057 250 1096 312 17

91 397 197 474 alioqui
215 397 422 476 praevaricatio
438 405 484 456 est
501 397 619 456 transire
635 395 771 473 dicenda,
788 401 991 475 praevaricatio
1010 403 1094 462 etiam

93 482 197 542 cursim
219 489 249 540 et
269 480 396 541 breviter
415 478 556 557 attingere
572 496 645 557 qnae
661 480 716 539 sint
738 478 919 560 inculcanda,
943 484 1094 561 infigenda,

92 562 259 642 repetenda.
290 561 361 623 Nam
382 561 529 641 plerisque
548 561 679 639 longiore
702 572 821 624 tractatu
843 566 887 625 vis
909 567 1044 643 quaedam
1065 576 1119 628 et3

93 645 205 726 pondus
221 646 349 723 accedit,
373 655 461 724 utque
477 647 592 723 corpori
610 644 732 721 ferrum,
758 648 801 708 sic
823 648 914 707 oratio
934 651 1095 709 animonon

68 732 152 791 nictu
166 731 255 806 magis
271 746 353 808 quam
371 746 449 790 mora
462 730 628 808 inprimitur.
656 727 710 788 llic
730 728 780 789 ille
795 749 906 790 mecum
922 734 1119 793 auctoritati-4

92 813 146 873 bus
160 814 219 890 agit
234 831 268 872 ac
285 811 352 872 mihi
367 831 404 872 ex
420 811 536 873 Graccis
552 814 696 873 orationes
710 810 811 888 Lysiae
830 823 969 891 ostentat,
995 834 1032 875 ex
1045 833 1095 876 rro-

93 897 161 957 stris
180 894 372 956 Gracchorum
387 893 574 975 Catonisque,
593 912 711 973 quorum
726 914 794 957 sane
808 896 945 975 plurimae
960 909 1025 960 sunt
1042 903 1094 959 eir-

94 981 237 1040 cumcisae
251 988 279 1040 et
294 979 414 1040 breves:
431 996 487 1057 ego
499 978 600 1054 Lysiae
611 978 835 1056 Demosthenen,
851 981 1027 1062 Aeschinen,
1039 983 1095 1058 lly-

94 1061 233 1140 periden,
257 1061 419 1141 multosque
434 1070 601 1141 praeterea,
625 1060 760 1123 Gracchis
775 1072 804 1123 et
821 1061 921 1126 Gatoni
936 1065 1093 1142 Polionem,

52 1150 86 1202 10
96 1143 259 1222 Gaesarem,
277 1144 415 1224 Caelium,
434 1147 570 1224 inprimis
583 1143 751 1204 llhl'ullinm
764 1163 891 1225 oppono,
912 1150 991 1209 cuius
1005 1151 1094 1208 oratio

31 1241 39 1259 ⁴
94 1230 201 1307 optima
222 1226 312 1289 lerttn
330 1248 397 1290 esse
415 1247 488 1306 quae
510 1231 636 1287 maxima.
670 1227 708 1286 Et
728 1228 853 1288 Hercule
868 1239 898 1289 nt
918 1229 988 1290 aliae
1005 1232 1095 1290 honae

93 1331 142 1372 res
159 1314 198 1371 ita
220 1311 312 1369 bonos
334 1310 409 1369 liber
428 1309 531 1370 melior
552 1319 597 1369 est
619 1311 740 1387 quisque
757 1327 814 1387 quo
830 1313 928 1369 maior.
959 1310 1047 1371 Vides
1067 1322 1120 1372 ut5

94 1404 221 1467 statuas,
245 1395 344 1470 signa,
365 1394 509 1471 picturas,
525 1392 667 1451 hominum
682 1392 803 1470 denique
817 1391 1025 1472 multorumque
1041 1396 1097 1452 ani·

94 1475 210 1536 mallum
220 1475 336 1552 formas,
352 1476 483 1535 arborum
498 1477 591 1552 etiam,
609 1477 633 1534 si
647 1474 731 1534 modo
743 1477 799 1536 sint
812 1475 946 1554 decorae,
964 1475 1032 1535 nihil
1043 1494 1097 1536 ma·

54 1572 87 1623 15
95 1562 141 1638 gis
158 1575 240 1637 quam
254 1559 407 1637 amplitudo
424 1559 612 1620 commendet.
633 1557 711 1617 Idem
723 1560 895 1621 orationihus
907 1562 1013 1638 evenit,
1031 1563 1098 1639 quin

97 1645 181 1704 etiam
199 1642 389 1703 voluminibus
408 1644 478 1721 ipsis
500 1644 695 1716 anctoritatem
711 1643 848 1721 quandam
868 1653 896 1703 et
911 1643 1096 1723 pulchritudi-

97 1743 162 1786 nem
181 1726 265 1786 adieit
284 1726 456 1804 magnitudo.
489 1726 567 1787 llaec
588 1725 637 1786 ille
653 1724 795 1806 multaque
812 1726 865 1787 alia
887 1745 990 1805 anaea
1009 1744 1054 1787 me
1070 1730 1122 1793 ino

98 1807 215 1869 eandem
230 1811 398 1871 sententiam
412 1809 507 1871 solent
522 1810 594 1888 dici,
613 1819 643 1870 ut
658 1819 703 1871 est
718 1811 746 1869 in
760 1811 928 1889 disputando
944 1812 1096 1889 inconpre-

25 1931 32 1942 -
97 1891 245 1952 hensihilis
268 1903 297 1953 et
318 1894 462 1970 lubricus,
487 1895 525 1954 ita
542 1893 632 1953 eludit
650 1902 680 1952 ut
696 1893 846 1954 contendat
864 1894 917 1954 hos
933 1896 1012 1973 ipsos
1027 1912 1097 1972 qno·

54 1991 159 2043 nomm
180 1978 353 2036 orationihus
370 1974 441 2036 nitar
459 1979 594 2054 pauciora
618 1977 723 2036 dixisse
746 1994 828 2055 quam
852 1976 999 2037 ediderint.
1033 1976 1098 2054 llgo

98 2068 198 2119 eontra
212 2068 290 2135 puto.
326 2058 430 2118 Testes
445 2069 509 2118 sunt
525 2057 628 2117 multae
642 2057 792 2117 multorum
812 2060 954 2119 orationes
970 2069 999 2119 et
1015 2057 1123 2123 Cice-t

96 2144 177 2201 ronis
194 2157 247 2217 pro
262 2137 396 2215 Murena,
411 2156 465 2216 pro
477 2138 608 2213 Vareno,
623 2139 767 2215 inquibus
781 2140 918 2199 breviset
933 2141 1005 2200 nuda
1019 2145 1100 2219 qnasi

98 2223 276 2300 subscriptio
293 2219 467 2300 quorundam
482 2222 626 2280 eriminum
643 2218 712 2279 solis
728 2220 816 2279 titulis
830 2220 978 2280 indicatur.
997 2221 1043 2279 Ex
1057 2222 1100 2281 his

83 2312 219 2386 'apparet
234 2305 313 2365 illum
327 2303 466 2383 permulta
481 2303 604 2380 dixisse,
629 2321 692 2361 eum
712 2302 828 2380 ederet,
851 2303 990 2362 omisisse.
1026 2301 1129 2365 ldems

55 2399 152 2469 aspro
172 2387 304 2449 Cluentio
324 2390 361 2448 ait
382 2407 415 2448 se
436 2396 523 2448 totam
543 2404 657 2447 causam
676 2395 776 2447 vetere
791 2387 918 2446 instituto
933 2384 1102 2465 solumper-

99 2491 210 2550 orasse,
226 2483 256 2533 et
271 2489 323 2551 pro
340 2469 372 2531 G.
388 2470 523 2532 Gornelio
539 2468 693 2549 quadriduo
709 2471 821 2547 egisse;
839 2489 876 2530 ne
892 2469 1019 2531 dubitare
1034 2487 1102 2548 pos·
1181 2544 1184 2551 Ι

99 2559 186 2618 simus
200 2573 273 2634 quae
288 2554 453 2634 perplures
469 2555 541 2631 dies,
553 2564 584 2614 nt
598 2571 722 2620 necesse
737 2562 814 2631 erat,
836 2553 919 2614 latius
935 2552 1035 2613 dixerit
1050 2571 1101 2632 po·

99 2649 162 2700 stea
180 2641 275 2699 recisa
296 2657 330 2698 ac
350 2649 503 2717 repurgata
522 2640 550 2696 in
570 2655 654 2696 unum
674 2636 793 2715 librum,
819 2637 954 2714 grandem
976 2636 1100 2716 quidem,

99 2739 184 2780 unum
198 2730 302 2799 tamon,
319 2731 474 2782 courtasso.
509 2720 554 2780 Ad
569 2719 644 2779 aliud
659 2729 704 2780 est
715 2722 789 2779 actio
802 2720 892 2798 bona,
914 2719 988 2779 aliud
1003 2723 1128 2781 oratio.9

57 2805 168 2868 doScio
185 2822 241 2864 non
255 2804 339 2864 nullis
356 2806 394 2864 ita
408 2804 515 2882 videri,
532 2803 584 2864 sed
601 2820 669 2880 ego,
684 2802 802 2865 forsitan
820 2803 917 2880 lallar,
935 2822 1101 2881 persuasum

101 2888 194 2948 haheo
205 2906 293 2966 posse
304 2887 365 2948 lieri
380 2897 410 2946 ut
421 2890 458 2947 sit
472 2889 546 2946 actio
558 2887 632 2946 hona
643 2904 714 2964 quae
727 2903 783 2945 non
797 2889 833 2947 sit
844 2889 918 2948 hona
932 2889 1031 2962 oratio,
1046 2904 1102 2947 ron

101 2989 190 3051 posse
212 2988 268 3031 non
290 2971 391 3032 bonam
411 2972 552 3031 actionem
574 2988 641 3030 esse
663 2987 735 3047 quae
758 2971 794 3030 sit
816 2970 890 3030 hona
916 2973 1014 3030 oratio.
1048 2968 1101 3029 Est

101 3056 175 3115 enim
191 3056 280 3115 oratio
301 3055 421 3115 actionis
443 3053 588 3132 exemplar
610 3062 639 3112 et
657 3054 736 3130 quasi
753 3043 948 3131 ἀρχέτυπον.
986 3052 1056 3112 Ideo
1073 3055 1101 3110 in
1111 3060 1144 3110 10

101 3139 207 3217 optima
230 3156 342 3217 quaque
363 3135 442 3197 mille
463 3138 566 3215 liguros
589 3135 799 3214 extemporales
821 3138 994 3210 invenimus,
1020 3136 1048 3191 in
1069 3135 1103 3192 iis

58 3224 186 3286 hostiam
206 3239 275 3301 quas
296 3229 401 3282 tantum
424 3220 514 3282 editas
541 3223 663 3297 seimus,
688 3229 718 3279 ut
740 3222 767 3278 in
790 3218 927 3293 Verrem,
955 3216 1104 3276 ‘artificem

101 3301 209 3385 quemi
230 3301 398 3384 mennam?
418 3314 500 3366 recte
513 3305 662 3364 admones:
684 3299 853 3376 Polyclitum
868 3317 935 3359 esse
950 3297 1102 3359 dicebant!

102 3390 239 3466 Sequitur
254 3407 324 3467 ergo
339 3390 459 3449 utactio
475 3390 511 3448 sit
525 3387 733 3448 absolutissima
747 3402 820 3462 qnae
834 3383 952 3442 marium
970 3383 1103 3444 orationis

71 3490 75 3499 ’
102 3471 312 3545 similitudinem
333 3473 526 3552 expresserit,
547 3470 669 3532 simodo
684 3470 786 3527 iustum
804 3476 833 3527 et
852 3466 976 3610 dehitpm
992 3476 1103 3546 tempus

143 3560 283 3614 Puluillo.
