2588 4116
3 134 16 239 ,ιαμ
11 104 14 109 .
12 51 17 77 -.

22 206 30 241 ,-
23 164 30 185 -.
23 130 27 145 -
20 40 32 84 ⁹.—

3 250 30 551 Q-‘'”

19 474 31 531 Q-
21 258 31 411 z-——---—

21 652 27 701 ,-.-
20 542 30 635 -r-s-u-

24 852 28 877 .-
21 750 29 837 —--
22 710 27 735 -

20 1368 24 1383 -
20 1330 25 1339 -
21 1298 25 1305 .
20 1234 24 1263 -.
4 554 26 1209 fflffz.·t-*.-.·.—-‘***‘···⁶-—-··

10 3594 14 3701 ³
59 3694 186 3824 “a

261 226 302 287 62
688 221 720 280 G.
740 217 837 279 PLlNl

263 375 352 456 qualis
369 394 436 436 esse
453 375 556 434 debeat
577 375 713 452 princeps
734 370 882 450 pulchrum
903 369 1025 447 quidem,
1043 370 1094 429 sed
1112 389 1266 434 onerosum

262 478 296 520 ac
312 477 403 538 prope
424 459 579 538 superbum
600 465 660 531 est,
682 454 795 514 laudare
816 470 886 512 vero
909 456 1041 532 optimum
1057 456 1218 534 principem
1232 475 1265 517 ac

262 562 315 622 per
329 544 384 603 hoc
398 545 523 622 posteris
538 540 617 600 velut
632 558 649 598 e
665 537 783 617 specula
799 538 892 596 lumen
909 537 984 615 quod
999 548 1153 616 sequantur
1168 549 1265 600 osten·

236 627 331 690 ludere
346 625 421 686 idem
436 625 561 686 utilitatis
575 625 677 698 habet,
704 622 885 699 adrogantiae
899 621 975 680 nihil.
1011 620 1084 701 Cepi
1099 633 1193 683 autem
1208 641 1265 683 non

261 710 433 770 mediocrem
448 709 621 787 voluptatem
636 705 730 785 quod,
745 706 820 765 hunc
835 705 936 765 librum
952 723 1015 764 cum
1030 709 1127 766 amicis
1142 710 1287 772 recitaret

261 793 434 871 voluissem,
452 810 507 852 non
522 809 575 870 per
590 789 755 868 codicillos,
771 807 828 850 non
844 808 898 868 per
912 789 1043 865 lihellos,
1066 790 1118 850 sed
1133 793 1171 851 ‘si
1188 810 1264 852 com·

260 877 383 937 modum'
409 885 438 936 et
459 879 494 935 ‘si
514 874 598 935 valde
625 879 751 934 vacaret'
774 873 905 933 admoniti
927 876 1088 953 (numquam
1108 892 1195 954 porro
1217 886 1265 936 aut

260 959 343 1019 valde
365 969 449 1020 vacat
470 959 578 1019 Romae
599 968 646 1018 aut
668 957 846 1018 commodum
873 966 917 1016 est
944 957 1040 1017 audire
1064 960 1262 1038 recitantem),

261 1043 433 1104 foedissimis
456 1046 572 1120 insuper
592 1043 823 1121 tempestatibus,
845 1059 899 1119 per
919 1040 1034 1100 biduum
1055 1053 1261 1120 convenerunt,

262 1145 381 1205 cumque
395 1126 534 1187 modestia
548 1145 610 1186 mea
622 1127 705 1185 finem
716 1127 873 1186 recitationi
885 1125 982 1184 lacere
994 1124 1144 1205 voluisset,
1160 1135 1191 1186 ut
1202 1126 1260 1187 adi-
1272 1133 1294 1182 14

234 1226 355 1276 5cerem
375 1213 485 1270 tertium
506 1209 580 1269 diem
601 1219 766 1287 exegerunt.
799 1208 866 1268 Mihi
886 1209 961 1268 hunc
982 1209 1118 1269 honorem
1137 1210 1262 1270 habitum

260 1304 358 1373 putem
373 1313 406 1354 au
422 1291 544 1354 studiis?
559 1293 658 1355 studiis
675 1293 767 1371 malo,
792 1310 865 1373 quae
879 1309 971 1372 prope
987 1296 1109 1354 extincta
1126 1294 1260 1354 reloven·

234 1390 312 1447 etur.
344 1377 388 1437 Ad
410 1380 455 1437 cui
476 1379 611 1438 materiae
630 1379 702 1437 hanc
721 1377 897 1439 sedulitatem
911 1374 1132 1456 praestitemntl
1156 1396 1260 1457 nempe

260 1480 342 1543 quam
356 1463 385 1520 in
401 1472 500 1522 senatu
517 1479 650 1539 quoque,
673 1462 719 1521 ubi
734 1463 845 1541 perpeti
860 1478 981 1522 necesse
996 1471 1071 1537 erat,
1094 1464 1204 1540 gravari
1219 1471 1259 1521 ta·

259 1565 322 1605 men
336 1545 383 1604 vel
399 1554 504 1624 puncto
519 1547 656 1624 temporis
678 1544 857 1621 solebamus,
881 1545 998 1604 eandem
1012 1562 1085 1603 nunc
1106 1554 1136 1605 et
1151 1548 1198 1625 qui
1212 1555 1281 1605 re·l

260 1632 346 1689 citare
370 1638 399 1688 et
421 1631 468 1708 qui
489 1628 585 1688 audire
605 1627 697 1687 triduo
718 1628 807 1688 velint
827 1629 1020 1705 inveniuntur,
1046 1631 1183 1708 nunquia
1199 1630 1258 1690 elo·

260 1714 392 1791 quentius
410 1731 492 1791 quam
507 1714 602 1791 prius,
624 1710 676 1772 sed
695 1714 760 1791 quia
775 1711 908 1788 liberius,
932 1712 1055 1790 ideoque
1070 1714 1154 1772 etiam
1169 1713 1258 1773 liben-

233 1800 313 1858 7tius
337 1796 477 1855 scribitur.
508 1795 638 1855 Accedet
659 1813 730 1872 ergo
751 1796 807 1856 hoc
830 1813 945 1874 quoquc
971 1795 1100 1856 laudibus
1121 1798 1257 1876 principis

258 1880 363 1956 nostri,
387 1879 463 1959 qnod
482 1897 530 1939 res
545 1890 626 1939 antea
645 1889 700 1938 tam
716 1881 805 1940 invisa
820 1897 903 1958 quam
917 1878 988 1940 falsa
1003 1897 1077 1939 nunc
1092 1890 1123 1939 ut
1136 1899 1204 1940 vera
1219 1883 1256 1940 ita

233 1964 386 2026 &amabilis
402 1963 475 2022 lacta
490 1974 543 2023 est.
571 1962 630 2022 Sed
645 1979 701 2040 ego
718 1982 781 2034 cum
794 1963 915 2023 studium
930 1962 1101 2023 audientium
1115 1974 1173 2024 tum
1188 1962 1287 2023 iudi-²⁴

259 2050 332 2106 cium
347 2049 416 2107 mire
430 2048 563 2126 probavi:
585 2046 766 2107 animadverti
781 2049 853 2107 enim
869 2049 1050 2107 severissima
1066 2065 1197 2126 quaeque
1208 2047 1256 2106 vel

232 2134 376 2194 bmaxime
399 2132 576 2192 satisfacere.
607 2129 721 2191 hiemini
744 2131 856 2210 quidem
871 2149 916 2190 me
935 2148 993 2190 non
1006 2130 1100 2191 multis
1120 2133 1255 2192 recitasse

258 2216 334 2294 quod
350 2216 477 2276 omnibus
493 2217 606 2295 scripsi,
624 2215 814 2276 nihilominus
830 2223 937 2290 tamen,
955 2225 1093 2292 tamquam
1108 2217 1144 2276 sit
1160 2214 1256 2274 eadem

258 2302 378 2360 omnium
395 2301 487 2359 lutura
501 2301 650 2373 sententia,
665 2300 718 2357 hac
733 2299 886 2358 severitate
901 2299 1007 2354 aurium
1018 2297 1119 2373 laetor,
1137 2319 1171 2359 ac
1184 2299 1256 2359 sicut
1293 2316 1294 2380 ,

258 2384 323 2443 olim
340 2385 449 2443 theatra
463 2382 535 2440 male
550 2383 676 2440 musicos
692 2396 794 2449 canere
807 2378 971 2451 docuerunt,
989 2380 1027 2436 ita
1041 2397 1115 2436 nnnc
1131 2384 1158 2439 in
1176 2399 1257 2460 spem
1264 2383 1286 2436 ιι

257 2465 383 2524 adducor
395 2481 484 2540 posse
500 2464 562 2520 fieri
577 2471 607 2519 ut
622 2459 719 2520 eadem
733 2462 840 2519 theatra
857 2459 931 2517 bene
947 2476 1049 2518 canere
1065 2466 1191 2524 musicos
1208 2465 1258 2524 do·

214 2559 247 2609 10
258 2556 349 2605 ceant.
373 2543 477 2604 Omnes
494 2545 567 2601 enim
584 2545 631 2620 qui
645 2542 774 2620 placendi
790 2559 874 2602 causa
889 2543 1014 2609 scribunt
1032 2543 1123 2622 qualia
1137 2545 1257 2624 placere

254 2627 376 2687 viderint
396 2626 530 2686 scribent.
565 2624 608 2683 Ac
623 2625 691 2684 mihi
708 2626 820 2705 quidem
835 2626 946 2687 conlido
960 2628 1061 2688 inhoc
1076 2646 1185 2705 genere
1200 2651 1257 2692 ma·

253 2712 341 2771 terlae
365 2709 490 2768 laetioris
512 2707 569 2768 stili
591 2719 721 2771 constare
743 2712 897 2788 rationem,
920 2728 984 2770 cum
1006 2730 1038 2772 ea
1063 2714 1158 2792 potius
1182 2734 1255 2793 quae

253 2794 381 2873 pressius
398 2802 427 2852 et
442 2792 604 2853 adstrictius
628 2813 710 2873 quam
730 2795 777 2856 illa
798 2813 871 2874 quae
892 2794 1007 2855 hilarius
1029 2805 1058 2856 et
1081 2799 1160 2876 quasi
1175 2798 1291 2857 exul-d)

252 2879 353 2937 tantine
376 2878 479 2954 scripsi
500 2879 611 2956 possint
632 2879 722 2939 videri
742 2882 883 2941 accersita
904 2888 934 2938 et
957 2879 1084 2941 inducta:
1109 2899 1166 2940 non
1187 2881 1253 2943 ideo

252 2971 345 3020 tamen
367 2964 483 3038 segnius
504 2978 610 3040 precor
630 2973 661 3022 ut
689 2963 857 3043 quandoque
877 2964 972 3023 veniat
994 2964 1054 3026 dics
1078 2966 1253 3044 (utinamque

251 3047 303 3106 iam
318 3045 458 3125 veneritl)
476 3061 532 3125 quo
548 3049 669 3108 austeris
687 3048 742 3109 illis
765 3050 933 3125 severisque
948 3047 1039 3110 dulcia
1054 3049 1125 3109 haec
1140 3048 1253 3110 blanda·
1281 3086 1285 3131 3

119 3130 121 3132 ’
212 3131 372 3276 ιιευζνει
393 3131 466 3191 iusta
486 3133 675 3209 possessione
697 3132 844 3194 decedant.
875 3132 971 3192 Habes
994 3143 1057 3192 acta
1077 3151 1140 3192 mea
1156 3131 1253 3202 tridui;
1281 3148 1284 3191 r

251 3235 298 3295 qur
320 3235 353 3276 ns
370 3216 491 3292 cognitis
506 3212 583 3273 volui
607 3223 711 3277 tantum
726 3226 754 3276 te
769 3216 923 3297 voluptatis
939 3216 1085 3276 absentem
1102 3226 1130 3276 et
1145 3206 1284 3321 studio-ip

250 3302 481 3444 ppppsppmipplpt
494 3315 559 3359 meo
582 3317 702 3380 capere,
725 3311 857 3380 quantum
877 3318 1014 3380 praesens
1031 3301 1182 3379 percipere
1198 3317 1251 3379 po·
1278 3328 1281 3333 ·
