2588 4116
456 109 716 172 EPISTULARUM
731 110 780 170 lll.
803 122 828 174 9.
1107 111 1149 173 55

273 198 292 232 Ι

139 271 323 342 praesentem
338 262 508 341 perducere.
542 262 631 322 Dices
648 269 716 322 ‘non
731 261 783 323 luit
804 263 886 323 tanti:
910 263 978 342 quid
992 263 1066 324 enim
1080 263 1146 323 mibi
1156 270 1191 326 27

141 365 208 405 cum
229 357 285 406 tam
310 345 397 423 longa
426 343 586 423 epistulal'
614 344 711 406 Nolito
740 364 811 424 crgo
837 346 989 407 identidem
1010 340 1148 425 quaerere

141 430 211 508 quid
231 428 340 489 Romae
361 440 485 506 geratur.
516 428 554 489 Et
574 439 667 489 tamen
686 439 829 489 memento
844 448 899 488 non
916 448 983 490 esse
999 430 1148 507 epistulam

140 513 258 590 longam
273 531 345 591 quaa
360 521 402 572 tot
417 508 495 590 dies,
519 522 561 573 tot
583 514 779 591 cognitiones,
801 522 843 573 tot
864 512 987 592 denique
1002 530 1068 572 reos
1083 533 1147 573 cau·

111 608 250 675 5sasque
265 596 415 675 complexa
430 599 474 656 sit.
512 595 592 669 Quae
606 598 698 656 omnia
712 597 813 657 videor
826 597 892 656 mibi
907 615 964 656 non
979 598 1069 656 minus
1085 597 1147 656 bre·
1157 607 1192 661 28

140 682 218 739 viter
241 698 323 758 quam
345 680 496 757 diligenter
515 691 697 758 persecutus.
737 679 857 739 Temere
878 680 934 739 dixi
957 679 1149 757 ‘diligenter':

142 766 285 823 succurrit
299 763 376 842 quod
390 766 609 842 praeterieram,
633 773 661 824 et
677 763 791 841 quidem
806 781 889 840 sero,
914 765 966 823 sed
983 781 1149 842 quamquam

141 857 348 926 praepostere,
375 847 518 908 reddetur.
555 847 635 907 Facit
660 849 717 909 boc
741 846 881 907 Homerus
908 847 1046 925 multique
1071 847 1148 906 illius

143 930 297 1008 exemplo,
321 940 366 989 est
389 931 495 1011 alioqui
510 932 715 1011 perdecorum,
736 951 753 992 a
767 951 812 992 me
827 941 920 991 tamen
935 949 992 990 non
1008 931 1074 991 ideo
1090 932 1146 990 liet.

96 1013 168 1076 1oit
190 1015 312 1074 testibus
334 1015 445 1093 quidam
464 1017 526 1075 sive
547 1017 651 1094 iratus,
674 1014 751 1095 quod
772 1026 908 1075 evocatus
930 1024 1009 1074 esset
1032 1012 1216 1092 invitus,29''

142 1100 206 1157 sive
222 1096 391 1158 subornatus
405 1100 441 1159 ab
457 1098 551 1177 aliquo
566 1118 690 1177 reorum,
706 1107 737 1157 ut
752 1101 962 1158 accusationem
977 1108 1146 1175 exarmaret,

141 1181 307 1241 Norbanum
322 1181 502 1256 Licinianum,
518 1181 641 1259 legatum
656 1192 686 1240 et
699 1183 910 1259 inquisitorem,
928 1199 1007 1240 reum
1021 1182 1149 1259 postula·

140 1267 194 1341 vit,
212 1276 352 1343 tamquam
366 1267 395 1324 ia
411 1283 496 1325 causa
511 1263 613 1325 (lastae
629 1267 716 1344 (uxor
731 1264 802 1323 haec
818 1262 956 1342 Classici)
971 1266 1148 1342 praevarica-

140 1359 231 1409 retur.
254 1347 307 1406 Est
330 1349 398 1427 lege
414 1355 525 1408 cautum
545 1358 655 1408 atreus
672 1356 738 1408 ante
754 1356 916 1426 peragatur,
933 1356 1000 1406 tunc
1016 1346 1051 1406 dc
1066 1365 1148 1425 prae·
1156 1358 1192 1411 30

98 1436 304 1499 lavaricatore
326 1442 492 1509 quaeratur,
520 1430 657 1492 videlicet
683 1433 747 1509 quia
768 1435 875 1510 optime
903 1449 939 1490 ex
965 1432 1148 1490 accusatione

143 1520 207 1593 ipsa
222 1519 396 1575 accusatoris
413 1516 484 1575 fides
500 1517 670 1576 aestimatur.
692 1516 825 1576 Norbano
841 1526 933 1576 tamen
948 1533 1005 1575 non
1020 1515 1091 1574 ordo
1106 1514 1147 1574 la·
1156 1525 1188 1579 31

141 1603 199 1677 gis,
216 1616 271 1659 non
287 1599 374 1676 legati
390 1617 503 1677 nomen,
518 1616 575 1659 non
586 1602 774 1679 inquisitionis
787 1601 913 1660 ollieium
924 1600 1068 1677 praesidio
1081 1599 1147 1658 luit:

142 1692 218 1742 tanta
234 1683 417 1760 conflagravit
431 1684 533 1744 invidia
547 1685 632 1744 homo
652 1683 758 1762 alioqui
780 1684 937 1760 flagitiosus
954 1694 982 1743 et
997 1683 1148 1744 Domitiani

142 1767 318 1844 temporibus
340 1784 408 1825 usus
429 1777 459 1826 ut
479 1767 574 1843 multi,
598 1768 768 1846 electusque
783 1778 850 1827 tunc
865 1788 881 1828 a
896 1770 1042 1846 provincia
1056 1767 1091 1827 ad
1107 1770 1147 1826 in·

97 1849 327 1928 acquirendum,
343 1869 402 1909 non
417 1860 555 1928 tamquam
570 1851 662 1910 bonus
678 1860 708 1910 et
722 1851 829 1928 tidelis,
846 1851 899 1910 sed
913 1862 1053 1930 tamquam
1068 1848 1148 1910 Clas·

143 1935 195 1992 sici
211 1934 350 1992 inimicus.
368 1932 439 1991 Erat
453 1931 552 1991 abillo
567 1933 722 2010 relegatus.
745 1933 812 1993 Dari
828 1934 883 1993 sibi
898 1934 972 1993 diem
988 1943 1017 1992 et
1032 1933 1078 1992 edi
1093 1935 1190 1996 cri-32

140 2019 216 2075 mina
237 2014 416 2094 postulabat:
442 2024 573 2073 neutrum
593 2017 767 2092 impetravit,
791 2026 908 2075 coactus
931 2026 975 2075 est
996 2017 1088 2075 statim
1102 2035 1148 2076 re·

141 2097 304 2178 spondere;
326 2096 491 2175 respondit,
508 2096 611 2156 malum
625 2114 799 2175 pravumque
816 2100 959 2174 ingenium
973 2098 1093 2156 bominis
1109 2098 1148 2157 la-

143 2187 183 2243 cit
204 2191 235 2241 ut
257 2182 383 2241 dubitem
405 2181 581 2240 confidenter
602 2198 636 2240 an
659 2189 837 2255 constanter,
860 2189 941 2238 certo
960 2182 1147 2258 paratissime.

99 2278 133 2334 25
145 2267 266 2327 Obiecta
280 2274 345 2324 sunt
365 2263 452 2324 multa
466 2282 539 2343 quac
554 2266 644 2342 magis
660 2282 743 2342 quam
756 2265 961 2344 praevaricatio
975 2269 1193 2324 nocuerunt:33

145 2352 211 2428 quin
235 2351 318 2408 etiam
341 2348 396 2408 duc
418 2349 602 2426 consulares,
626 2348 799 2427 Pomponius
814 2347 906 2406 liuius
923 2356 952 2406 et
965 2346 1036 2407 Libo
1052 2346 1148 2423 Frugi,

144 2433 290 2493 laeserunt
306 2450 371 2492 eum
386 2434 566 2509 testimonio,
588 2443 727 2511 tamquam
747 2432 821 2510 apud
842 2430 964 2490 iudicem
985 2431 1037 2490 sub
1053 2429 1149 2489 Domi·

145 2519 219 2577 tiano
236 2516 313 2575 Salvi
329 2516 466 2576 Liberalis
487 2517 702 2576 accusatoribus
724 2517 870 2576 adfuisset.
901 2515 1055 2575 Damnatus
1072 2524 1100 2574 et
1120 2517 1193 2576 in34

144 2600 263 2660 insulam
285 2601 432 2678 relegatus
454 2610 506 2659 est.
540 2600 640 2679 ltaque
661 2616 725 2658 cum
747 2597 860 2660 Castam
876 2617 1058 2675 accusarem,
1080 2598 1149 2658 nihil

100 2686 234 2761 30magis
256 2687 350 2763 pressi
372 2701 455 2763 quam
476 2685 552 2761 quod
572 2693 722 2743 accusator
743 2685 804 2742 eius
823 2685 1072 2761 praevaricationis
1095 2685 1149 2742 cri·

145 2770 219 2826 mine
245 2770 407 2827 corruisset.
441 2768 537 2827 Pressi
556 2776 649 2827 tamen
666 2767 784 2826 frustra:
810 2768 912 2827 accidit
927 2770 1000 2826 enim
1015 2783 1063 2826 res
1081 2783 1148 2824 eon·

144 2853 229 2912 traria
244 2862 273 2911 et
287 2870 376 2929 nova,
398 2861 428 2911 ut
443 2860 611 2911 accusatore
627 2852 875 2928 praevaricationis
892 2852 1020 2910 damnato
1034 2867 1085 2910 rca
1101 2849 1148 2907 ab·

145 2935 317 2995 solveretur.
341 2935 461 3009 Quaeris
478 2935 545 3012 quid
560 2952 623 3012 nos,
640 2934 705 2992 dum
718 2934 791 2994 haec
806 2932 946 3011 aguntur?
962 2934 1148 2993 Indicavimus
1157 2936 1191 2988 35

145 3021 256 3078 senatui
277 3038 314 3078 ex
329 3018 461 3078 Norbano
478 3017 612 3078 didicisse
633 3036 686 3079 nos
708 3017 850 3098 publicam
867 3035 979 3079 causam
994 3031 1150 3091 mrsusque

100 3103 255 3165 tenebere
277 3120 315 3161 ex
336 3105 447 3180 integro
469 3101 599 3179 discere,
622 3104 646 3160 si
667 3101 717 3160 ille
739 3104 949 3180 praevaricator
967 3099 1148 3177 probaretur,

144 3185 238 3263 adque
259 3187 313 3259 ita,
335 3186 400 3246 dum
414 3184 463 3245 ille
479 3187 624 3263 peragitur
635 3202 714 3262 reus,
731 3183 869 3244 sedimus:
886 3190 987 3260 postea
1001 3179 1150 3239 Norbanus

146 3270 276 3329 omnibus
292 3269 393 3331 diebus
415 3270 586 3346 cognitionis
606 3269 733 3328 interluit
754 3267 928 3345 eandemque
943 3282 1034 3344 usque
1049 3262 1084 3322 ad
1100 3281 1149 3322 ex·

144 3361 266 3412 tremum
280 3354 327 3413 vel
344 3355 526 3415 constantiam
540 3352 589 3412 vel
605 3351 752 3412 audaciam
767 3348 891 3428 pertulit.
918 3348 1067 3427 interrogo
1083 3349 1147 3426 ipsc
1156 3355 1192 3409 36
