2588 4116
304 222 571 285 EPISTULARUM
585 223 674 284 VIIlI.
687 233 731 288 37.
743 235 786 289 38.
799 235 842 290 39.
854 236 899 289 40.
1051 227 1113 293 197

99 375 225 455 praediis
243 377 271 435 in
286 376 390 436 melius
408 384 437 436 ct
454 376 481 435 iu
496 376 601 453 maius,
622 386 704 437 vetus
721 387 832 439 sancet
849 388 980 457 angusta,
997 398 1060 440 cum
1076 384 1112 442 sit

99 460 207 538 alioqui
228 468 302 520 stato
331 459 377 519 dle
400 460 640 540 frequentissima.
678 459 749 521 Nam
773 460 870 523 Idibus
893 462 1137 540 Septembribust

99 559 217 622 magnus
234 565 251 606 e
265 546 385 623 regione
402 554 462 606 tota
477 546 536 605 cuit
548 543 684 623 populus,
699 543 804 605 multae
816 564 864 607 res
877 555 1008 624 aguntur,
1025 549 1111 609 multa

99 638 165 689 vcta
180 629 384 708 suscipiuntur,
402 628 489 690 multa
501 628 667 707 redduntur,
683 628 736 690 sed
748 628 856 688 nullum
867 631 895 690 in
908 632 1039 708 proximu
1052 632 1111 693 sul·

72 714 210 792 cinglum
224 722 271 774 aut
291 713 388 774 imbris
408 723 456 773 aut
473 713 553 775 solis.
582 712 691 774 Videor
712 730 783 791 ergo
800 714 931 774 munilice
945 715 1029 776 simul
1044 716 1137 779 reli-3

99 799 242 878 gioseque
263 797 407 877 lecturus,
436 800 462 860 si
482 798 582 859 aedem
602 816 685 878 qnam
703 797 923 877 pulcherrimam
943 809 1109 877 extruxere,

99 881 235 943 addidero
250 885 380 963 porticus
395 882 475 961 aedi,
491 883 569 944 illam
583 882 618 943 ad
636 900 717 944 usum
733 882 821 960 deae,
840 882 891 944 has
906 883 941 943 ad
956 882 1109 944 hominum.

98 966 192 1027 Velim
207 985 279 1045 ergo
295 986 373 1028 emas
389 976 521 1046 quattuor
536 986 708 1043 marmoreas
725 966 890 1045 columnas,
907 969 988 1028 cuius
1006 968 1057 1027 tihi
1071 970 1111 1027 vi·

100 1051 212 1113 debitur
225 1054 353 1129 generis,
372 1069 449 1112 emas
461 1068 608 1131 marmcm,
628 1052 730 1130 quihus
744 1051 849 1130 solum,
868 1053 971 1131 quibus
984 1053 1110 1131 parietes

56 1147 91 1198 10
100 1135 276 1196 excolantur.
298 1134 362 1195 llrit
378 1138 462 1195 etiam
478 1136 527 1196 vel
541 1136 700 1197 laciendum
711 1136 759 1196 vel
774 1136 923 1197 emendum
935 1138 1027 1213 ipsius
1040 1135 1138 1200 deae4

99 1222 229 1299 signum,
257 1221 322 1298 quia
342 1220 486 1298 antiquum
506 1219 577 1279 illud
600 1240 616 1280 e
638 1220 716 1298 ligno
735 1219 902 1298 quibusdam
918 1222 961 1279 sui
982 1220 1110 1298 partibus

98 1313 244 1365 vetustate
264 1311 422 1363 truncatum
443 1314 497 1366 est.
532 1302 673 1376 Quantum
693 1303 728 1362 ad
750 1305 896 1381 porticus,
915 1302 985 1361 nihil
1001 1305 1138 1366 interim5

101 1389 227 1448 occurrit
243 1387 320 1467 quod
337 1386 467 1447 videatur
482 1388 566 1448 istinc
581 1404 648 1447 esse
668 1385 873 1465 repetendum;
895 1386 950 1447 nisi
971 1396 1066 1446 tamen
1081 1396 1113 1445 ut

100 1473 218 1532 icrmam
238 1470 395 1533 secundum
410 1473 548 1531 rationem
562 1471 621 1531 lcci
638 1471 759 1532 scribas.
782 1468 884 1549 Neque
901 1471 977 1529 enim
993 1478 1113 1548 possunt

58 1564 91 1617 15
101 1556 267 1617 circumdari
283 1555 407 1634 templc;
426 1574 490 1616 nam
501 1555 593 1616 solum
609 1555 708 1633 templi
723 1553 788 1614 hinc
803 1554 916 1614 llumine
929 1562 958 1614 et
970 1554 1112 1631 abruptis-

100 1642 180 1702 simis
196 1643 267 1719 ripis
288 1639 355 1700 hinc
373 1641 419 1700 via
438 1643 570 1719 cingitur.
604 1637 657 1698 Est
675 1639 748 1699 ultra
767 1640 841 1699 viam
863 1639 1032 1699 latissimum
1048 1647 1138 1717 pra-6

101 1735 175 1803 tum,
199 1728 227 1785 in
249 1742 307 1804 quc
327 1727 397 1786 satis
410 1735 479 1802 apte
495 1735 593 1785 contra
609 1723 747 1801 templum
764 1725 857 1803 ipsum
873 1725 1004 1802 porticus
1020 1722 1112 1802 expli·

101 1810 254 1880 cahuntur3
271 1811 326 1871 nisi
342 1809 409 1888 quid
424 1819 455 1869 tu
470 1809 571 1870 melius
587 1810 743 1885 inveneris,
762 1810 809 1885 qui
823 1808 905 1869 soles
918 1807 1047 1867 locurum
1059 1805 1112 1867 dil·

102 1893 243 1955 hcultates
259 1904 320 1954 arte
336 1911 483 1973 superare.
515 1892 598 1952 Vale.

57 1977 93 2031 ²⁰
553 2023 670 2084 mxx.

401 2122 427 2170 U.
447 2122 571 2172 PLINIUS
591 2120 689 2173 FUSUO
709 2121 769 2172 SUO
789 2121 814 2171 S.

166 2222 276 2284 Scribis
297 2233 446 2303 pergratas
461 2223 513 2283 tihi
529 2222 620 2284 luisse
636 2223 747 2283 litteras
764 2239 860 2300 meas,
884 2223 986 2299 quihus
1005 2235 1139 2298 cogno-1

101 2308 167 2368 visti
186 2306 420 2386 quemadmodum
434 2309 462 2367 in
479 2305 580 2368 Tuscis
599 2309 686 2367 otium
700 2307 817 2368 aestatis
833 2307 996 2383 exigerem:
1017 2307 1112 2382 requi·

56 2401 92 2455 25
101 2393 142 2453 ris
163 2391 230 2470 quid
252 2411 289 2453 ex
307 2391 364 2452 hcc
384 2393 412 2451 in
434 2391 603 2452 laurentino
622 2391 717 2452 hieme
737 2399 907 2470 permutem.
938 2387 1031 2466 Nihil,
1059 2388 1139 2455 nisi2

101 2477 179 2553 quod
201 2476 372 2537 meridianus
395 2493 512 2537 somnus
536 2478 668 2536 eximitur
689 2474 866 2556 multumque
889 2473 925 2535 de
950 2482 1037 2533 nocte
1063 2471 1112 2532 vel

100 2568 166 2619 ante
181 2559 230 2620 vel
242 2570 309 2639 pust
323 2560 398 2620 diem
412 2564 541 2639 sumitur,
554 2570 584 2621 et
598 2561 623 2622 si
635 2561 738 2638 agendi
749 2561 910 2622 necessitas
924 2560 1020 2636 instat,
1039 2574 1112 2635 quae

102 2642 239 2720 frequens
252 2641 357 2721 hieme,
374 2662 431 2704 nou
448 2647 502 2704 iam
518 2645 659 2706 comoedo
677 2645 726 2705 rel
740 2645 860 2721 lyristae
875 2651 943 2723 pust
958 2660 1057 2703 cenam
1068 2640 1111 2699 lo·

105 2744 168 2803 cus,
185 2726 238 2801 sed
253 2726 302 2786 illa
316 2745 389 2805 quac
405 2727 509 2789 dictavi
523 2729 676 2790 identidem
690 2739 889 2807 retractantur,
904 2746 938 2789 ac
955 2726 1039 2788 simul
1054 2743 1113 2785 me-

56 2817 94 2869 30
104 2813 211 2870 muriae
226 2809 371 2888 frequenti
387 2811 584 2874 emendatione
603 2815 759 2892 proficitur.
780 2813 876 2875 Habes
893 2821 1003 2874 aestate
1018 2810 1140 2877 hieme3

104 2894 353 2956 consuetudinem:
374 2914 448 2955 nunc
469 2895 555 2958 addas
575 2898 631 2959 huc
646 2897 716 2958 licet
730 2918 782 2958 ver
796 2909 826 2959 et
841 2907 1016 2971 autumnum,
1039 2912 1112 2973 quae

102 2982 178 3040 iuter
192 2978 316 3039 hiemem
330 2988 524 3058 aestatemque
539 2981 646 3059 media,
668 2993 699 3042 ut
715 2982 784 3043 nihil
805 2982 841 3043 de
859 2981 1059 3061 disperdunt,
1075 2980 1113 3036 ita

104 3063 140 3125 de
154 3073 240 3125 nocte
256 3063 405 3143 parvolum
420 3063 578 3145 adquirunt.
610 3065 691 3127 Vale.

513 3328 719 3338 ...μ-...-
