2588 4116
364 235 626 326 nrrsrumnuu
639 239 674 296 v.
694 249 719 302 4.
736 251 761 303 5.

529 387 593 450 llll.

259 485 285 536 G.
304 486 429 538 PLINIUS
446 487 531 538 IULIO
549 489 738 539 VALERIANO
757 488 817 540 SUO
837 489 863 543 S.

117 588 177 650 Res
193 607 290 668 parva,
305 590 358 650 sed
374 592 480 651 initium
494 608 550 650 non
565 610 678 670 parvae.
696 592 747 651 Vir
757 594 916 671 praetorius
928 594 1038 656 Sollers
1050 608 1089 662 al

56 682 158 735 senatu
176 674 258 751 petiit
272 682 301 733 ut
318 675 371 734 sibi
388 677 535 736 instituere
550 675 686 736 nundinas
708 678 735 735 iu
755 679 831 753 agris
847 680 906 738 suis
920 681 1065 756 permitte-

29 767 150 817 5retur:
167 756 395 819 contradixerunt
410 758 497 836 legati
513 759 722 819 Vicetinorum:
747 760 835 819 adluit
850 759 992 822 Tuscilius
1006 762 1064 822 No-

55 844 191 901 minatus:
208 840 291 901 dilata
313 860 398 902 causa
420 853 473 903 est.
504 843 570 902 Alio
592 852 690 903 senatu
707 843 830 903 Vicetini
845 846 907 904 sine
923 844 1092 912 advocator

56 927 249 1002 intraverunt,
272 925 401 987 dixerunt
422 946 455 987 se
475 926 633 1005 deceptos,
656 927 765 1004 lapsine
781 929 872 988 verbo
894 947 929 987 an
946 931 1010 1008 quia
1026 933 1065 990 ita

57 1009 227 1069 sentiebant.
261 1007 429 1088 Interrogati
450 1028 466 1069 a
485 1010 600 1088 Nepote
621 1020 754 1089 praetore
780 1030 863 1091 quem
886 1011 1063 1092 docuissent,

56 1093 267 1171 responderunt
283 1111 367 1170 quem
381 1096 468 1173 prius.
499 1092 667 1171 Interrogati
682 1115 715 1155 an
728 1105 794 1156 tunc
809 1097 897 1172 gratis
913 1095 1061 1175 adfuisset,

15 1175 267 1255 toresponderuut
289 1195 342 1236 sex
360 1177 472 1238 milibus
492 1196 646 1237 nummum:
673 1197 707 1238 an
727 1197 824 1238 rursus
842 1177 946 1256 aliquid
969 1180 1063 1241 dedis·

57 1269 140 1338 sent,
158 1259 287 1320 dixerunt
305 1260 382 1322 mille
405 1261 544 1321 denarios.
568 1261 668 1339 Nepos
684 1262 837 1340 postulavit
853 1271 882 1319 ut
897 1260 1062 1324 Nominatus

56 1343 247 1405 induceretur.
270 1343 415 1405 Hactenus
430 1345 480 1405 illo
495 1344 551 1404 die.
578 1344 636 1403 Sed
652 1355 783 1421 quantum
800 1361 934 1421 auguror,
950 1344 1089 1422 longius3

56 1445 105 1488 ros
118 1428 259 1507 procedit.
292 1426 363 1487 Nam
378 1429 515 1507 pleraque
530 1434 604 1487 tao'ta
619 1437 724 1488 tantum
742 1438 771 1488 et
793 1429 904 1487 omnino
923 1440 1062 1488 commota

56 1510 195 1572 latissime
213 1522 340 1590 serpunt.
370 1513 457 1572 Erexi
475 1531 557 1572 aures
573 1521 645 1572 tuas.
677 1511 766 1584 Quam
782 1512 827 1571 diu
845 1530 919 1571 nuuc
935 1521 1089 1591 oportet,4

15 1610 49 1664 15
57 1614 140 1674 quam
153 1595 254 1655 blande
269 1613 357 1673 roges
370 1607 399 1656 ut
412 1596 522 1676 reliqua
536 1596 712 1674 cognoscas!
730 1599 754 1657 si
767 1607 859 1656 tamen
873 1613 929 1655 non
944 1607 1009 1657 ante
1025 1599 1062 1656 ob

57 1679 130 1822 paco
151 1681 214 1758 ipsa
233 1683 348 1741 veneris
368 1680 486 1741 Romam
506 1689 710 1759 spectatorque
734 1680 866 1741 malueris
888 1698 955 1741 esse
981 1700 1063 1759 quam

69 1773 160 1823 ector.
196 1762 276 1822 Vale.

541 1864 575 1923 V.

277 1959 305 2012 (l.
323 1960 448 2010 PLINIUS
465 1961 562 2012 Nouio
581 1962 711 2012 MAXIMO
730 1962 789 2012 SUO
809 1962 834 2011 S.

16 2073 50 2127 ao
115 2061 278 2122 Nuntiatum
291 2061 357 2119 mibi
374 2072 418 2121 est
434 2060 466 2121 C.
485 2062 618 2121 Fannium
633 2062 811 2139 decessisse,
828 2066 875 2140 qui
891 2066 1088 2134 nuntiusme1

56 2147 137 2225 gravi
154 2143 254 2202 dolore
270 2142 414 2219 confudit,
435 2146 571 2221 primum,
595 2145 671 2222 qnod
686 2148 774 2204 amavi
789 2145 929 2205 bominem
947 2145 1062 2221 elegan-

55 2240 115 2292 tem
130 2227 277 2304 disertum,
290 2226 404 2303 deinde,
418 2226 493 2304 quod
505 2227 609 2287 iudicio
623 2230 684 2287 eius
698 2230 738 2286 uti
753 2228 889 2287 solebam.
909 2227 977 2286 Erat
989 2231 1063 2286 enim

56 2321 158 2374 acutus
174 2319 286 2388 natura,
302 2329 356 2371 usu
371 2313 556 2388 exercitatus,
570 2313 689 2371 veritate
706 2312 943 2390 promptissimus.
975 2311 1089 2386 Angitn

57 2415 103 2456 me
119 2396 275 2474 superista
298 2413 381 2455 casus
399 2396 504 2473 ipsius:
521 2396 648 2456 decessit
664 2397 753 2455 veteri
768 2404 957 2470 testamento,
971 2396 1063 2453 omisit

18 2494 133 2559 osquos
153 2480 271 2538 maxime
294 2478 447 2556 diligebat,
471 2490 643 2557 prosecutus
664 2488 708 2538 est
727 2480 828 2556 quibus
841 2478 978 2538 ollensior
993 2487 1061 2537 erat.

58 2563 117 2624 Sed
132 2563 187 2623 boc
202 2573 356 2640 utcumque
373 2562 539 2640 tolerabile,
561 2565 675 2640 gravius
700 2561 786 2637 illud,
808 2563 883 2640 quod
905 2561 1062 2641 pulcherri-

56 2665 134 2706 mum
149 2645 221 2724 opus
236 2646 426 2725 inperfectum
439 2647 563 2725 reliquit.
594 2646 727 2719 Quamvis
743 2649 816 2706 enim
834 2646 951 2723 agendis
968 2648 1089 2710 cassisa

58 2731 292 2807 distringeretur,
308 2730 453 2789 scribebat
473 2741 566 2790 tamen
587 2733 680 2791 exitus
702 2733 863 2790 occisorum
883 2740 929 2789 aut
950 2729 1061 2806 relega·

60 2825 152 2875 torum
168 2832 184 2873 a
198 2812 324 2890 Nerone,
341 2823 370 2874 ot
387 2815 439 2872 iam
453 2823 513 2874 tres
528 2813 616 2873 libros
632 2813 806 2889 absolverat,
821 2813 940 2874 subtiles
956 2823 985 2873 et
1001 2813 1063 2871 dili-

17 2902 164 2975 bogentes
180 2906 209 2957 et
223 2896 335 2957 Latinos
351 2895 442 2974 adque
459 2899 533 2957 inter
547 2915 706 2957 sermonem
724 2898 924 2975 historiamque
940 2896 1061 2972 medios,

60 2999 94 3042 ac
116 2991 193 3041 tanto
209 2982 299 3058 magis
321 2979 448 3058 reliquos
475 2982 617 3059 perficere
644 2982 776 3059 cupiebat
804 2990 907 3058 quanto
929 2980 1063 3057 frequen-

60 3067 116 3124 tius
132 3064 160 3123 hi
178 3064 386 3125 lectitabantur.
408 3063 474 3123 lllibi
490 3075 582 3124 autem
597 3064 708 3125 videtur
726 3065 830 3124 acerba
845 3081 960 3141 semper
976 3071 1005 3120 et
1022 3063 1089 3123 in·4
1145 3099 1148 3106 =

58 3158 167 3208 matura
182 3166 257 3209 mors
276 3165 373 3208 eorum
390 3151 437 3226 qui
453 3147 607 3208 immortale
619 3148 724 3225 aliquid
737 3157 843 3226 parant.
868 3145 938 3204 Nam
953 3146 999 3222 qui
1012 3161 1063 3201 vo-

59 3230 215 3309 luptatibus
238 3232 324 3292 dediti
346 3234 425 3309 quasi
443 3234 471 3291 in
492 3230 565 3291 diem
584 3234 681 3291 vivunt
701 3231 815 3290 vivendi
836 3247 936 3287 causas
959 3225 1063 3286 cotidie

19 3323 52 3379 35
62 3316 173 3383 liniunt:
197 3318 244 3394 qui
265 3333 336 3375 vero
352 3326 486 3393 posteros
504 3317 630 3391 cogitant
645 3322 673 3373 et
689 3315 851 3372 memoriam
866 3312 909 3369 sui
925 3309 1062 3387 operibus

60 3399 236 3475 extendunt,
259 3400 301 3458 bis
322 3398 398 3458 nulla
412 3416 487 3457 mors
503 3417 559 3457 uon
570 3399 717 3475 repentina
734 3405 795 3470 est,
818 3404 931 3472 atquae
948 3411 1063 3470 semper

59 3482 222 3542 inchoatum
237 3482 341 3560 aliquid
356 3483 510 3558 abrumpat.
535 3479 619 3540 Gaius
635 3479 749 3557 quidem
762 3477 883 3538 Fannius
898 3477 973 3556 quod
987 3479 1086 3538 acci-5
