2588 4116
13 452 24 545 p

13 746 20 823 l

210 206 253 272 46
639 202 672 262 G.
694 201 792 260 PLlNl

210 367 280 423 intra
296 360 510 425 contubernium
528 368 605 417 tuum
618 357 717 432 tenuit,
733 364 939 433 praeceptores
954 353 1027 413 domi
1042 353 1149 432 babuit,
1167 358 1215 416 ubi

211 457 256 507 est
271 446 416 505 erroribus
434 443 545 501 modica
561 440 608 500 vel
624 441 707 498 etiam
721 438 797 497 nulla
813 440 937 498 materia.
971 437 1029 496 lam
1043 438 1135 498 studia
1152 443 1214 501 eius

211 541 290 590 extra
304 528 389 589 limen
407 525 579 605 proferenda
594 532 670 598 sunt,
687 525 740 581 iam
759 520 1032 600 circumspiciendus
1050 521 1148 582 rhetor
1162 523 1213 585 La·

210 616 303 690 tinus,
321 613 401 671 cuius
416 609 533 670 scholae
545 609 700 682 severitas,
724 605 831 683 pudor,
854 607 993 683 inprimis
1013 607 1128 666 castitas
1144 625 1212 668 con·

183 707 278 769 rstet.
310 696 401 754 Adest
417 695 491 752 enim
511 690 687 751 adulescenti
701 700 800 750 nostro
816 708 880 749 cum
895 691 1002 749 ceteris
1017 700 1131 749 naturae
1153 691 1238 755 ior-5

210 792 351 857 lunaeque
372 777 485 837 dotibus
503 776 603 834 eximia
618 775 747 852 corporis
762 772 960 853 pulchritudo,
982 775 1028 833 cui
1049 774 1077 831 in
1098 772 1154 834 hoc
1169 774 1211 833 lu-

211 866 291 924 brico
307 863 407 921 aetatis
424 878 480 919 non
495 868 666 938 praeceptor
681 857 764 916 modo
779 856 832 918 sed
845 866 942 917 custos
958 858 1041 916 etiam
1056 868 1211 936 rectorque

184 944 388 1025 5quaerendus
409 955 464 1003 est.
497 943 604 1002 Videor
624 958 696 1019 ergo
716 942 910 1001 demonstrare
931 941 981 1001 tibi
1005 957 1092 1018 posse
1110 939 1211 1001 lulium

210 1030 382 1090 Genitorem.
404 1028 520 1087 Amatur
533 1045 550 1084 a
564 1046 625 1094 me;
646 1025 750 1085 iudicio
767 1034 859 1084 tamen
877 1042 941 1084 meo
955 1042 1012 1083 non
1027 1024 1121 1085 obstat
1140 1029 1210 1086 cari-

208 1124 251 1173 tas
266 1113 397 1188 bominis,
414 1130 487 1188 quae
501 1129 538 1170 ex
548 1109 652 1169 iudicio
663 1118 726 1167 nata
737 1118 791 1168 est.
812 1109 863 1167 Vir
874 1119 918 1169 est
930 1107 1092 1168 emendatus
1105 1119 1134 1168 et
1145 1128 1208 1187 gra·
1219 1127 1253 1178 [ο

208 1199 269 1272 vis,
293 1195 377 1274 paulo
394 1198 478 1254 etiam
497 1193 637 1254 horridior
648 1202 676 1252 et
689 1192 794 1269 durior,
810 1202 840 1251 ut
856 1194 883 1251 in
904 1192 957 1251 bac
969 1191 1085 1251 licentia
1100 1202 1210 1273 tempo-

182 1300 280 1352 5rum.
314 1279 453 1352 Quantum
469 1277 631 1356 eloquentia
647 1275 739 1335 valeat
753 1275 881 1354 pluribus
897 1276 1016 1335 credere
1031 1287 1132 1353 potes;
1147 1296 1209 1337 nam

210 1363 321 1424 dicendi
337 1362 456 1422 incultas
471 1372 569 1440 aperta
586 1370 616 1420 et
632 1362 764 1439 exposita
779 1363 871 1420 statim
889 1361 1026 1420 cernitur:
1050 1362 1105 1419 rita
1120 1359 1209 1420 honri-

208 1467 272 1507 nnm
289 1448 362 1507 altos
377 1465 513 1506 recessus
528 1463 700 1522 magnasque
721 1443 845 1503 latebras
860 1444 959 1512 habet;
986 1444 1066 1503 cuius
1082 1462 1133 1522 pro
1153 1444 1208 1504 Ge-

207 1535 299 1590 nitore
314 1549 359 1589 me
377 1547 546 1606 sponsorem
557 1529 669 1605 accipe.
700 1525 775 1585 Nihil
791 1547 828 1587 ex
845 1527 901 1587 boc
918 1529 979 1587 viro
992 1529 1063 1588 lilius
1079 1537 1143 1588 tuus
1160 1546 1207 1587 au·
1218 1548 1250 1599 15

208 1614 266 1673 diet
277 1615 330 1672 uisi
347 1613 539 1689 prolaturum,
561 1609 629 1669 nihil
646 1609 737 1669 discet
752 1612 828 1688 quod
843 1614 972 1672 nescisse
989 1613 1095 1672 rectius
1111 1613 1205 1690 luerit,

181 1712 261 1764 7nec
280 1698 369 1754 minus
385 1713 474 1774 saepe
488 1694 585 1754 abillo
604 1712 716 1772 quama
733 1705 762 1754 te
778 1714 880 1774 meque
896 1696 1090 1756 admonebitur
1106 1696 1207 1774 quibus

207 1780 373 1855 imaginibus
390 1788 535 1855 oneretur,
552 1796 625 1857 quae
637 1779 746 1837 nomina
762 1790 791 1839 et
803 1789 904 1857 quanta
919 1782 1064 1840 sustineat.
1086 1779 1206 1841 Proinde

207 1862 365 1923 laventibus
387 1862 439 1921 diis
457 1861 536 1922 trade
554 1879 618 1920 eum
637 1866 835 1942 praeceptori,
858 1882 874 1923 a
896 1883 952 1942 quo
967 1881 1061 1924 mores
1077 1867 1205 1943 primum,

205 1965 271 2005 mox
282 1946 472 2024 eloquentiam
483 1946 584 2023 discat,
596 1964 668 2023 quae
680 1945 753 2006 male
765 1949 827 2008 sine
838 1948 963 2008 moribus
977 1948 1103 2008 discitur.
1125 1948 1205 2008 Vale.
1215 1959 1249 2011 20

673 2079 736 2140 1111.

468 2179 495 2234 e.
515 2178 642 2231 PLIn'lUS
660 2179 805 2231 nuncnunc
824 2178 882 2231 suo
903 2178 929 2229 s,

179 2297 193 2347 1
267 2282 399 2356 Quamvis
422 2295 451 2344 et
473 2285 554 2344 amici
573 2302 645 2363 quos
667 2294 834 2359 praesentes
853 2281 991 2338 habebam
1011 2290 1040 2338 et
1057 2300 1205 2342 sermones

204 2366 344 2426 homiuum
365 2367 469 2426 iactum
489 2385 582 2426 meum
603 2366 798 2441 conprobasse
817 2362 981 2436 uideantur,
1004 2367 1097 2437 magni
1112 2375 1246 2433 tamense

178 2453 322 2513 taestimo
336 2452 412 2508 scire
428 2449 494 2524 quid
509 2449 614 2507 sentias
629 2455 668 2504 tu.
699 2444 770 2502 Nam
788 2445 866 2502 cuius
881 2445 991 2519 integra
1006 2461 1037 2502 re
1054 2445 1204 2507 consilium

203 2533 353 2608 exquirere
369 2539 530 2605 optassem,
551 2527 632 2586 buius
650 2527 733 2585 etiam
751 2536 866 2605 peracta
886 2524 1018 2585 iudicium
1030 2544 1117 2588 nosse
1132 2532 1203 2591 mire

203 2613 387 2688 concupisco.
420 2608 490 2669 Cum
512 2609 655 2687 publicum
671 2627 744 2688 opus
761 2628 824 2670 mea
840 2611 961 2690 pecunia
978 2611 1159 2674 inchoaturus
1175 2616 1203 2674 in

201 2695 310 2755 Tuscos
320 2695 548 2754 excucurrissem
558 2703 691 2772 accepto,
704 2695 905 2774 utpraeiectus
917 2697 1018 2772 aerari,
1032 2707 1200 2776 commeatu,

201 2778 287 2855 legati
308 2778 472 2857 provinciae
494 2777 625 2838 baeticae
653 2781 779 2856 questuri
806 2779 841 2839 de
868 2780 1071 2858 proconsulatu
1093 2779 1243 2842 Caecili30

177 2859 324 2923 bclassici
347 2860 513 2921 advocatum
532 2879 577 2921 me
599 2880 615 2921 a
634 2873 734 2925 senatu
753 2864 903 2943 petierunt.
943 2861 1081 2943 Collegae
1104 2868 1200 2945 optimi
1224 2858 1227 2869 ’

202 2947 315 3022 meique
322 2946 501 3005 amantissimi
508 2946 543 3006 de
552 2949 705 3008 communis
713 2948 800 3008 officii
812 2948 1031 3009 necessitatibus
1042 2948 1199 3029 praelocuti

202 3047 339 3090 excusare
356 3048 400 3089 me
416 3040 445 3090 et
461 3031 585 3090 eximere
600 3040 779 3109 temptarunt.
813 3030 928 3093 Factum
944 3042 989 3093 est
1003 3043 1117 3093 senatus
1134 3051 1199 3093 con·

202 3113 305 3174 sultam
321 3133 456 3194 perquam
471 3114 666 3193 honorificum,
681 3125 711 3175 ut
726 3117 808 3176 darer
821 3116 1040 3193 provincialibus
1053 3127 1197 3194 patronus,

175 3200 223 3258 ssi
236 3199 271 3258 ab
292 3200 356 3278 ipso
373 3218 418 3260 me
439 3201 648 3278 impetrassent.
680 3199 778 3279 legati
799 3218 896 3260 rursus
916 3201 1021 3262 inducti
1038 3203 1137 3260 iterum
1152 3218 1196 3258 me
1206 3210 1240 3263 35

202 3285 253 3340 iam
276 3293 456 3362 praesentem
475 3284 642 3345 advocatum
663 3284 891 3363 postulaverunt,
919 3283 1092 3363 inplorantes
1114 3282 1196 3341 iidem

200 3383 300 3443 meam,
317 3386 399 3445 quam
414 3378 511 3429 essent
526 3377 623 3429 contra
638 3366 759 3428 blaesum
773 3368 908 3429 Bnebium
923 3367 1048 3446 experti,
1064 3364 1196 3441 adlegan-

198 3457 243 3506 tes
259 3454 397 3527 patrocini
416 3452 529 3513 loedus.
562 3452 667 3513 Secuta
682 3463 726 3513 est
747 3463 862 3514 senatus
880 3451 1031 3513 clarissima
1051 3447 1195 3527 adsensio,
