2588 4116
76 3668 166 3824 *a

239 209 283 271 50
662 204 696 265 C.
717 203 814 264 PLffl

213 363 344 435 3iacent,
357 369 457 419 venter
468 359 600 416 recessit.
618 358 645 415 A
658 367 742 434 tergo
754 375 868 434 quoque
880 357 980 416 eadem
992 365 1069 416 aetas
1080 366 1111 416 ut
1122 374 1139 414 a
1149 367 1246 434 tergo.

239 446 299 503 Aes
307 446 410 522 ipsum,
424 451 556 519 quantum
567 460 654 499 verua
667 440 749 500 color
759 440 874 517 indicat,
885 449 969 499 retus
984 450 1014 499 et
1027 443 1179 518 antiquum
1192 441 1233 501 Ta

241 528 277 586 lia
291 528 414 604 denique
434 527 526 584 omnia
538 534 567 582 ut
580 526 691 602 possint
704 525 842 583 artilicnm
854 523 956 583 oculos
971 533 1082 600 tenere,
1099 522 1246 586 delectare

215 613 443 688 iimperitorum.
477 607 560 680 Quod
581 626 626 666 me
648 625 815 686 quamquam
835 607 1005 666 tirunculum
1026 606 1189 668 sollicitavit
1211 609 1246 669 ad

241 695 399 754 emendum.
422 691 485 750 Emi
502 701 612 767 autem,
627 709 685 750 non
697 701 727 751 ut
742 691 876 751 haberem
894 691 969 750 domi
984 692 1095 769 (neque
1113 693 1187 750 enim
1205 692 1272 753 ul·5

240 777 298 836 lum
313 778 404 837 adbuc
420 772 593 834 Corinthium
607 775 680 833 domi
698 775 827 853 babeo),
846 793 945 834 verum
958 784 988 834 ut
1005 777 1033 833 in
1045 777 1134 855 patria
1149 786 1246 836 nostra

215 862 350 922 beelebri
364 860 431 919 loco
449 876 598 937 ponerem,
612 877 647 919 ac
664 861 841 936 potissimum
856 861 884 917 in
898 857 974 918 loris
988 858 1112 936 templo:
1133 860 1247 919 ridetur

241 947 315 1003 enim
332 944 445 1020 dignum
460 941 586 1021 templo,
610 942 723 1019 dignum
738 942 793 1001 deo
810 940 923 1001 donum.
956 941 997 1000 'lu
1015 960 1104 1020 ergo,
1121 954 1150 1003 ut
1166 943 1246 1004 soles

242 1030 333 1087 omnia
350 1045 422 1106 quae
437 1044 453 1085 a
470 1044 516 1084 me
531 1026 582 1085 tibi
599 1028 794 1104 inunguntur,
816 1028 933 1104 suscipe
947 1026 1020 1085 banc
1037 1044 1131 1085 curam
1148 1037 1178 1086 et
1192 1030 1245 1086 iam

239 1129 314 1169 nunc
326 1112 392 1169 iube
403 1110 493 1168 basim
504 1109 576 1185 lieri,
589 1128 626 1168 ex
637 1127 693 1187 quo
704 1109 941 1186 volesmarmore‚
955 1128 1027 1186 quae
1038 1127 1140 1169 nomen
1151 1130 1244 1170 meum
1254 1117 1284 1167 lt]

215 1194 423 1272 6honoresque
444 1195 553 1271 capiat,
569 1195 594 1252 si
609 1193 664 1253 bos
682 1211 796 1272 quoque
814 1193 927 1271 putabis
942 1192 1095 1253 addendos.
1127 1193 1191 1271 Ego
1207 1197 1244 1254 si·

242 1297 328 1355 gnum
347 1281 456 1356 ipsum,
479 1287 509 1337 ut
530 1279 649 1354 primum
670 1279 806 1336 invenero
827 1276 949 1355 aliquem
963 1279 1011 1354 qui
1027 1295 1083 1335 non
1098 1289 1243 1355 gravetur,

240 1365 346 1421 mittam
363 1363 430 1437 ubi,
452 1359 500 1420 vel
520 1363 600 1439 ipse,
624 1360 700 1439 quod
716 1362 820 1438 mavis,
843 1359 967 1420 adieram
981 1379 1100 1421 mecum.
1124 1361 1243 1421 Destino

216 1449 332 1522 lecim,
349 1447 373 1505 si
386 1454 478 1504 tamen
493 1444 580 1504 oflicii
594 1448 666 1504 ratio
679 1447 856 1521 permiserit,
875 1463 1029 1504 excurrere
1044 1446 1109 1504 isto,
1132 1444 1244 1504 Gaudes

242 1530 317 1607 quod
332 1547 377 1586 me
392 1537 539 1586 venturum
551 1546 617 1586 esse
632 1526 783 1605 polliceor,
797 1529 849 1587 sed
864 1528 1015 1588 contrahes
1030 1528 1161 1604 frontem,
1181 1538 1284 1590 cum15

240 1613 374 1670 adiecero
390 1609 422 1668 ad
442 1627 550 1688 paucos
564 1609 640 1670 dies:
661 1628 756 1687 neque
770 1613 844 1670 enim
856 1612 958 1672 diutius
970 1612 1072 1672 abesse
1084 1630 1129 1671 me
1145 1612 1244 1671 eadem

241 1694 312 1753 haec
328 1712 400 1772 quae
416 1693 540 1752 nondum
555 1695 634 1753 exire
648 1695 798 1772 patiuntur.
831 1694 911 1754 Vale.

483 1878 486 1883 .
710 1825 772 1886 Vll.

468 1925 494 1976 e.
517 1925 643 1976 ruimus
661 1926 789 1977 caurum
809 1927 892 1978 lauro
910 1926 969 1978 suo
991 1927 1019 1981 s,
1251 1955 1284 2008 20

215 2040 229 2090 l
296 2025 383 2086 blodo
400 2028 541 2087 nuntiatus
557 2037 602 2088 est
619 2028 705 2088 Silius
717 2027 832 2089 Italicus
843 2031 871 2089 in
884 2027 1072 2109 Neapolitano
1088 2026 1140 2089 suo
1152 2028 1243 2089 inedia

215 2111 338 2174 diluisse
353 2113 447 2172 vitam.
469 2110 561 2172 Causa
574 2114 672 2174 mortis
684 2112 829 2173 valetudo.
848 2112 916 2173 Erat
930 2113 971 2173 illi
988 2123 1068 2177 natus
1082 2112 1242 2172 insanabilis

242 2195 356 2273 clavus,
381 2197 461 2256 cuius
480 2196 574 2257 taedio
595 2198 630 2258 ad
647 2207 767 2258 mortem
783 2196 968 2257 inrevocabili
987 2198 1141 2258 constantia
1157 2196 1242 2255 decu·

241 2283 337 2355 currit,
354 2299 445 2358 usque
462 2280 497 2340 ad
511 2299 673 2360 supremum
686 2281 759 2340 diem
773 2281 873 2339 beatus
892 2290 921 2339 et
938 2278 1019 2355 felix,
1035 2282 1088 2339 nisi
1102 2279 1178 2358 quod
1192 2281 1242 2338 mi·

240 2382 338 2425 norem
353 2382 390 2423 ex
406 2363 504 2424 liberis
520 2364 628 2424 duobus
643 2364 745 2438 amisit,
760 2360 813 2422 sed
824 2362 957 2420 maiorem
968 2361 1175 2437 melioremque
1191 2363 1241 2423 llo·
1251 2367 1285 2418 25

214 2458 350 2511 'arentem
362 2456 447 2523 atque
463 2446 545 2505 etiam
562 2442 738 2505 consularem
752 2441 874 2518 reliquit.
898 2440 1031 2501 Laeserat
1046 2440 1146 2500 lamam
1163 2453 1243 2506 suam

241 2528 428 2602 subNeroue,
443 2526 612 2585 credebatur
623 2533 726 2601 sponte
737 2540 905 2592 accusasse;
922 2523 974 2586 sed
981 2523 1112 2584 inVitelli
1120 2529 1243 2588 amicitia

240 2613 383 2689 sapienter
398 2626 431 2667 se
449 2616 477 2666 et
491 2609 610 2666 comiter
622 2616 763 2684 gesserat,
776 2625 813 2666 ex
819 2607 1022 2685 proconsulatu
1028 2608 1114 2668 Asiae
1121 2608 1242 2687 gloriam

239 2699 445 2770 reportaverat,
461 2689 598 2749 maculam
610 2691 716 2750 veteris
727 2690 878 2752 industriae
892 2691 1024 2752 laudabili
1033 2693 1091 2754 otio
1104 2693 1240 2753 abluerat.

213 2774 302 2837 lsFuit
317 2776 390 2833 inter
404 2774 549 2851 principes
562 2774 684 2834 civitatis
695 2776 757 2835 sine
770 2776 915 2855 potentia,
929 2777 992 2837 sine
1004 2777 1121 2837 invidia:
1138 2778 1240 2838 saluta·
1249 2793 1284 2846 30

240 2858 330 2936 batur,
346 2854 503 2934 colebatur,
518 2856 691 2937 multumque
703 2860 732 2918 in
744 2858 851 2919 lectulo
864 2862 960 2923 iacens
977 2860 1110 2922 cubiculo
1126 2880 1241 2941 semper

239 2958 295 3000 non
308 2958 346 3001 ex
357 2938 467 2999 lortuna
474 2939 616 3019 frequenti
624 2942 795 3005 doctissimis
802 2945 980 3005 sermonibus
987 2945 1048 3008 dies
1055 2946 1239 3024 transigebat,

213 3034 304 3085 tcum
318 3042 335 3085 a
351 3023 502 3086 scribendo
516 3035 640 3086 uacaret.
662 3027 813 3089 Scribebat
824 3030 944 3089 carmina
959 3031 1063 3090 maiore
1080 3048 1146 3090 cura
1158 3048 1241 3109 quam

239 3110 364 3186 ingenio,
381 3126 436 3168 non
448 3127 595 3188 numquam
609 3109 711 3172 iudicia
725 3112 866 3173 bominum
878 3115 1092 3175 recitationibus
1109 3115 1239 3193 experie-

213 3192 328 3257 6batur.
351 3191 512 3253 Novissime
524 3196 561 3255 ita
574 3194 756 3256 suadentibus
770 3198 848 3258 annis
863 3198 899 3258 ab
914 3197 984 3258 urbe
999 3199 1132 3275 secessit,
1148 3215 1238 3276 seque
1247 3204 1281 3258 35

239 3280 268 3338 in
283 3277 434 3357 Campania
450 3280 555 3356 tenuit,
577 3297 611 3339 ac
625 3298 661 3339 ne
674 3280 796 3341 adventu
812 3281 925 3360 quidem
942 3284 1008 3342 novi
1023 3282 1158 3359 principis
1172 3281 1238 3340 inde

214 3366 230 3423 7
241 3372 397 3423 commotus
411 3370 464 3423 est.
488 3360 590 3442 llagua
601 3360 732 3426 Caesaris
744 3361 815 3442 laus,
834 3366 886 3426 sub
898 3381 955 3445 quo
970 3365 1026 3425 hoc
1042 3363 1160 3423 liberum
1174 3364 1237 3441 init,

241 3463 340 3523 ruagna
354 3445 446 3523 illius,
467 3448 513 3526 qui
530 3448 584 3509 bac
598 3448 728 3509 libertate
743 3467 826 3509 ausus
845 3458 890 3509 est
906 3450 955 3508 uti.
975 3447 1043 3508 Erat
1057 3440 1239 3526 φιλόκαλος
