2588 4116
419 254 682 316 EPISTULARUM
693 257 728 316 V.
750 267 777 321 6.
1064 259 1105 321 93

99 408 297 486 (nequeenim
312 406 397 466 facile
412 425 529 486 usquam
545 426 659 485 saxum,
682 410 765 468 etiam
781 411 806 469 si
823 419 988 488 quaeratur,
1004 430 1106 472 occur-

98 493 150 567 rit)
165 490 336 569 planissimis
354 493 459 570 campis
480 491 626 553 fertilitate
646 510 702 551 non
718 492 823 553 cedunt
838 496 1016 573 opimamque
1031 514 1105 558 mes·

99 593 163 635 sem
179 576 272 635 serius
289 583 393 633 tantum
409 574 461 635 sed
478 592 535 635 non
551 578 641 636 minus
656 585 845 654 percoquunt.
868 577 928 636 Sub
943 578 986 638 bis
1001 597 1054 658 per
1068 579 1131 644 la·9

98 668 146 719 tus
167 675 251 718 omne
271 660 372 718 vineae
393 660 574 736 porriguntur
593 677 732 738 unamque
755 659 857 719 faciem
883 660 970 739 longe
990 662 1106 742 lateque

70 750 272 810 scontexunt3
294 760 410 820 quarum
432 759 447 800 a
471 743 525 802 fine
542 744 656 821 imoque
677 745 756 822 quasi
776 747 903 821 margine
924 747 1038 807 arbusta
1059 766 1106 806 na·

100 835 227 887 scantur.
259 825 340 884 Prata
353 826 419 885 inde
432 827 596 904 campique:
618 829 726 904 campi,
743 845 816 904 quos
832 846 886 886 nou
902 830 955 888 nisi
971 832 1103 907 ingentes
1114 844 1148 895 10

99 909 192 969 boues
207 918 237 968 et
255 908 407 970 fortissima
421 920 511 969 aratra
525 910 711 988 perfringunt.
746 909 841 971 'l'antis
859 910 970 988 glaebis
983 916 1106 974 tenacis·

99 995 200 1054 simum
214 993 325 1069 solum,
348 1010 411 1053 cum
431 995 549 1070 primum
565 1004 751 1071 prosecatur,
773 994 899 1074 adsurgit
920 1006 949 1057 ut
964 1014 1039 1057 nono
1055 997 1103 1057 de·

97 1094 174 1135 mum
186 1075 268 1136 sulco
280 1076 472 1155 perdometur.
491 1076 571 1135 Prata
584 1077 682 1137 ilorida
693 1087 722 1138 et
733 1096 863 1155 gemmea
875 1080 1009 1139 trifolium
1021 1080 1103 1141 alias·
1113 1093 1146 1146 ll

55 1166 156 1238 loque
176 1159 279 1220 herbas
300 1169 413 1220 teneras
435 1178 551 1239 semper
572 1171 601 1221 et
620 1160 723 1221 molles
744 1171 774 1221 et
798 1165 877 1239 quasi
902 1181 990 1224 noras
1017 1164 1102 1226 alunt.

99 1240 210 1303 Cuncta
225 1246 299 1303 enim
314 1244 489 1322 perennibus
504 1247 572 1304 rivis
587 1247 758 1304 nutriuntur:
781 1247 833 1304 sed
848 1247 895 1304 ubi
912 1265 1001 1323 aquae
1017 1247 1104 1326 pluri·

97 1345 185 1404 mum,
201 1326 283 1406 palus
294 1326 382 1404 nulla,
397 1329 461 1405 quia
476 1326 585 1386 devexa
600 1336 691 1404 terra,
708 1327 842 1405 quidquid
859 1326 976 1406 liquoris
991 1335 1103 1409 accepit
1148 1336 1151 1342 ’

98 1427 155 1470 nec
177 1412 341 1489 absorbuit,
361 1411 479 1470 effundit
497 1414 525 1470 in
547 1409 679 1470 Tiberim.
712 1409 823 1473 lledios
841 1411 889 1470 ille
909 1430 994 1489 agros
1013 1424 1104 1491 secat,
1113 1427 1147 1478 12

97 1495 211 1552 narium
221 1497 343 1573 patiens,
356 1497 503 1572 omnisque
516 1494 614 1571 fruges
626 1494 741 1553 devebit
753 1496 781 1554 in
792 1496 903 1571 urbem,
921 1495 1014 1555 bieme
1028 1497 1104 1556 dum·

57 1586 90 1639 15
98 1585 175 1637 taxat
189 1587 219 1638 et
233 1597 318 1645 vere;
334 1588 442 1639 aestate
462 1581 650 1655 summittitur,
667 1581 851 1657 immensique
867 1579 986 1639 fluminis
1002 1598 1104 1639 nomen

98 1663 188 1721 arenti
204 1662 287 1722 alveo
308 1662 430 1740 deserit,
455 1673 587 1722 autumno
607 1665 733 1723 resumit.
766 1662 895 1742 llagnam
912 1667 1008 1741 capies
1023 1664 1103 1723 volu·
1113 1675 1147 1728 13

99 1753 221 1823 ptatem,
243 1748 268 1806 si
286 1745 360 1805 hunc
376 1748 503 1823 regionis
519 1749 604 1807 situm
618 1765 656 1806 ex
669 1755 764 1807 monte
781 1751 979 1826 prospexeris.
1000 1746 1102 1826 Neque

99 1830 174 1888 enim
193 1838 283 1890 terras
304 1831 355 1889 tibi
370 1830 423 1890 sed
440 1830 555 1890 iormam
578 1831 699 1909 aliquam
718 1831 753 1891 ad
774 1834 903 1891 eximiam
918 1833 1102 1910 pulchritudi-

10 1968 12 1973 .
98 1930 164 1970 nem
180 1915 284 1990 pictam
298 1913 444 1974 videberis
463 1933 596 1973 cernere:
618 1932 652 1972 ea
672 1917 826 1987 varietate,
848 1933 882 1974 ea
897 1916 1101 1993 descriptione,

10 1998 28 2047 “.
56 1996 280 2074 bttquocumque
296 1997 446 2056 inciderint
460 1997 548 2072 oculi,
563 1997 736 2055 reficientur.
756 1997 829 2055 Villa
844 1999 871 2055 in
887 1998 962 2058 colle
979 2001 1035 2057 imo
1050 2002 1103 2058 sita
1112 2010 1147 2063 14

96 2081 240 2158 prospicit
261 2082 340 2156 quasi
356 2098 394 2138 ex
407 2097 530 2138 summo:
555 2081 592 2137 ita
613 2078 715 2137 leniter
729 2089 758 2139 et
774 2082 878 2139 sensim
896 2081 971 2140 clivo
987 2081 1103 2142 fallente

97 2164 247 2238 consurgit
261 2170 308 2237 ut,
331 2179 394 2220 cum
409 2160 566 2220 ascendere
578 2169 607 2220 te
619 2179 674 2219 non
691 2171 792 2238 putes,
811 2165 916 2221 sentias
928 2164 1104 2223 ascendisse.

95 2247 125 2306 A
139 2255 224 2322 tergo
239 2245 454 2323 Appenninum,
471 2244 523 2304 sed
547 2243 659 2320 longius
680 2244 781 2303 babet:
804 2247 909 2321 accipit
930 2246 965 2304 ab
988 2247 1042 2305 boc
1057 2265 1104 2304 au·

95 2348 144 2391 ras
160 2329 314 2408 quamlibet
329 2345 433 2389 sereno
449 2338 478 2388 et
490 2328 603 2406 placido
615 2328 672 2404 die,
685 2346 741 2388 non
755 2337 848 2388 tamen
863 2347 946 2388 aeres
963 2339 992 2388 et
1008 2330 1104 2387 immo·

10 2466 12 2471 .
56 2414 189 2490 tedicus,
206 2414 259 2473 sed
274 2416 366 2491 spatio
382 2415 446 2491 ipso
460 2410 550 2472 lassas
566 2421 595 2472 et
607 2412 750 2472 infractae.
777 2411 878 2489 Magna
893 2414 936 2472 sui
951 2423 1030 2490 parte
1045 2429 1102 2471 me·
1112 2423 1145 2475 15

98 2497 198 2556 ridiem
220 2507 332 2576 spectat
354 2499 547 2576 aestivumque
569 2494 661 2556 solem
683 2496 717 2554 ab
739 2496 808 2555 hora
829 2507 926 2573 sexta,
957 2497 1104 2556 hibernum

98 2580 241 2660 aliquanto
256 2584 399 2659 maturius,
416 2584 494 2659 quasi
510 2583 606 2640 invitat
621 2582 647 2638 in
663 2583 801 2658 porticum
818 2580 900 2640 latam
914 2589 943 2640 ct
955 2599 1007 2658 pro
1020 2581 1103 2640 modo

53 2684 57 2693 ·
97 2664 221 2742 longam.
243 2665 331 2725 llulta
346 2668 373 2724 in
390 2665 443 2724 hac
460 2666 594 2741 membra,
609 2667 708 2724 atrium
724 2667 854 2724 etiamen
871 2683 949 2723 more
965 2674 1101 2724 veterum.

97 2748 174 2808 Ante
190 2752 330 2827 porticum
345 2758 444 2822 xystus
460 2752 488 2807 iu
510 2748 642 2824 plurimas
658 2750 774 2826 species
792 2748 940 2809 distinctus
957 2752 1145 2810 concisus-16

56 2848 157 2910 eoque
178 2833 268 2900 buxo;
293 2833 432 2892 demissus
448 2832 513 2891 inde
534 2850 698 2910 pronusque
718 2832 866 2910 pulvinus,
890 2835 935 2892 cui
951 2833 1103 2892 bestiarum

99 2915 214 2992 efligies
236 2919 357 2976 invicem
379 2915 514 2976 adversas
529 2916 619 2975 buxus
642 2918 800 2993 inscripsit:
824 2916 960 2976 acanthus
976 2919 1003 2975 in
1018 2916 1103 2994 plano

99 2998 195 3060 mollis
211 3010 240 3060 et
252 3018 343 3078 paene
361 2999 477 3058 dixerim
494 2999 625 3076 liquidus.
656 2999 751 3059 Ambit
766 2999 840 3059 hunc
854 3000 1006 3059 ambulatio
1022 3019 1102 3076 pres·
1112 3005 1144 3060 17

100 3086 141 3144 sis
156 3086 292 3162 varieque
307 3084 397 3144 tonsis
412 3082 547 3144 viridibus
562 3082 686 3143 inclusa:
701 3084 736 3142 ab
751 3084 793 3143 his
809 3087 932 3161 gestatio
949 3086 975 3141 in
991 3082 1104 3140 modum

100 3169 189 3244 circi,
215 3186 287 3243 quae
309 3169 412 3227 buxum
427 3166 625 3227 multiformem
643 3166 821 3244 humilesque
836 3177 866 3226 et
880 3175 1006 3225 retentas
1022 3180 1103 3220 manu

53 3251 266 3316 doarbusculas
283 3253 419 3310 circumit.
454 3250 550 3308 Omnia
564 3253 685 3310 maceria
699 3253 872 3309 muniuntur:
901 3249 973 3307 banc
989 3245 1104 3322 gradata

98 3336 192 3395 buxus
208 3337 301 3413 operit
316 3344 345 3394 et
360 3333 506 3394 subtrahit.
527 3333 638 3393 Pratum
655 3334 719 3392 inde
734 3350 790 3391 nou
805 3335 894 3390 minus
909 3341 1005 3390 natura
1021 3348 1102 3408 quam
1115 3339 1146 3393 18

99 3420 249 3496 superiora
270 3418 317 3478 illa
337 3429 398 3478 arte
417 3416 578 3477 visendum:
605 3419 696 3495 campi
721 3415 824 3474 deinde
851 3432 936 3492 porro
960 3415 1102 3493 multaque

99 3501 155 3562 alia
176 3511 256 3581 prata
279 3513 308 3563 et
329 3503 450 3564 arbusta.
480 3501 507 3560 A
529 3502 621 3579 capite
641 3501 769 3579 porticus
790 3498 941 3559 triclinium
964 3501 1145 3561 cucurristis
