2588 4116
114 215 177 279 ala
418 209 453 271 G.
475 207 571 269 PLlNl
591 207 639 267 ET
660 203 817 265 TRAIANI

493 360 551 420 xu.
575 356 736 438 [novun]

453 459 619 510 TRAIANUS
637 457 743 509 PLINIO
760 457 786 511 S.

90 569 106 621 l
180 548 255 622 Quid
271 555 401 628 oporteat
424 547 484 607 fleri
505 549 581 606 circa
602 544 742 604 theatrum
764 542 841 622 quod
865 541 1028 602 inchoatum
1050 543 1128 622 apud

116 630 293 693 Nicaeenses
315 642 360 693 cst
380 633 408 690 in
428 648 461 690 re
484 631 628 708 praesenti
649 629 756 705 optime
780 626 951 687 deliberabis
969 634 999 685 et
1019 629 1128 688 consti·

116 726 190 778 tues.
224 716 293 776 Mihi
311 715 436 775 sulhciet
453 714 568 773 indicari
590 714 635 772 cui
656 713 815 773 sententiae
837 711 1010 771 accesseris.
1045 708 1152 775 Tunes

116 810 240 861 autema
258 802 373 877 privatis
386 799 463 877 exigi
479 815 568 876 opera
582 796 634 857 tibi
654 813 739 855 curae
755 798 803 872 sit,
821 793 1045 870 cumtheatrum‚
1059 813 1127 873 pro·

90 894 181 963 2pter
198 882 273 962 quod
293 883 342 942 illa
362 884 502 960 promissa
521 891 600 958 sunt,
626 880 730 940 factum
752 881 815 939 erit.
852 875 1010 953 Gymnasiis
1032 879 1127 939 indul-

117 978 186 1044 gent
208 965 355 1035 Graeculi;
380 966 446 1025 ideo
468 965 586 1027 forsitan
609 963 787 1026 Nicaeenses
810 964 916 1021 maiore
939 962 1033 1022 animo
1058 980 1127 1023 con·

116 1052 303 1111 structionem
323 1053 386 1111 eius
409 1049 540 1126 adgressi
559 1058 637 1109 sunt:
660 1046 713 1108 sed
734 1055 850 1125 oportet
869 1045 935 1106 illos
953 1064 990 1105 eo
1007 1056 1127 1107 conten-

89 1144 162 1203 atos
177 1153 244 1194 esse
261 1134 338 1212 quod
351 1135 444 1214 possit
456 1132 496 1193 illi
511 1133 656 1193 sufficere.
685 1129 759 1203 Quid
781 1128 1033 1208 Claudiopolitanis
1049 1134 1126 1192 circa
1136 1131 1167 1183 1⁰

117 1218 278 1297 balineum,
297 1219 374 1298 quod
391 1236 505 1297 parum,
523 1227 552 1277 ut
568 1217 688 1292 scribis,
705 1216 811 1275 idoneo
825 1214 892 1274 loco
907 1214 1124 1293 inchoaverunt,

118 1301 291 1362 suadendum
311 1306 347 1364 sit
365 1314 395 1363 tu
417 1305 584 1363 constitues.
613 1299 772 1360 Architecti
792 1300 842 1360 tibi
865 1299 969 1360 deesse
985 1316 1043 1359 non
1058 1317 1126 1379 pos·

118 1398 194 1447 sunt.
226 1385 310 1447 Nulla
333 1390 479 1467 provincia
500 1397 546 1447 est
561 1403 633 1464 quae
649 1401 705 1444 non
720 1386 830 1463 peritos
847 1392 876 1443 et
890 1385 1058 1461 ingeniosos
1075 1384 1125 1445 ho-

117 1472 208 1532 mines
223 1471 341 1540 babeat;
363 1471 449 1531 modo
470 1491 506 1531 ne
529 1471 676 1530 existimes
691 1469 807 1528 brevius
821 1486 888 1528 esse
905 1469 939 1528 ab
955 1468 1026 1528 urbe
1041 1471 1123 1546 mitti,

120 1573 183 1614 oum
198 1573 234 1614 ex
250 1552 368 1614 Graecia
387 1557 470 1615 etiam
488 1553 523 1613 ad
540 1572 592 1613 nos
606 1555 704 1612 venire
723 1552 801 1612 soliti
817 1553 881 1612 sint.
1134 1545 1163 1598 15

549 1666 621 1726 xli.
657 1666 687 1726 L.

342 1766 369 1816 o.
387 1765 513 1817 unimus
530 1669 676 1816 unmih
689 1669 906 1818 hiremarum.
1000 1824 1006 1833 ,

95 1879 110 1929 1
183 1867 305 1928 Intuenti
320 1867 387 1927 mihi
402 1878 431 1928 et
446 1868 575 1929 fortunae
597 1880 662 1929 tuae
683 1880 713 1931 et
728 1872 810 1929 animi
825 1869 1041 1948 magnitudinem
1057 1886 1124 1927 con·

118 1953 360 2013 venientissimum
375 1952 488 2013 videtur
509 1952 695 2015 demonstrari
718 1972 806 2034 opera
825 1973 882 2014 non
899 1957 990 2014 minus
1004 1955 1121 2013 aeterni·
1133 1959 1165 2012 20

118 2046 176 2097 tate
195 2047 241 2098 tua
265 2055 347 2115 quam
364 2037 454 2115 gloria
476 2037 560 2116 digna
583 2048 774 2119 quantumque
790 2038 1007 2118 pulchritudinis
1022 2047 1123 2098 tantum

92 2121 246 2183 hutilitatis
267 2121 404 2182 habitura.
440 2121 492 2184 Est
512 2125 541 2182 in
556 2123 806 2187 Nicomedensium
821 2124 922 2183 finibus
936 2120 1123 2201 amplissimus

119 2205 214 2269 lacus:
232 2225 285 2286 per
300 2207 375 2268 hunc
392 2225 529 2268 marmora
544 2207 654 2269 fructus
668 2209 745 2286 ligna
757 2210 890 2269 materiae
903 2217 931 2267 et
943 2216 1059 2282 sumptu
1069 2220 1126 2265 mo·

119 2290 185 2352 dicu
203 2302 233 2353 et
254 2293 354 2352 labore
382 2311 473 2370 usque
498 2291 532 2350 ad
552 2294 625 2351 viam
645 2294 781 2366 navibus,
806 2289 871 2348 inde
891 2306 993 2363 magno
1015 2290 1128 2364 labore,

119 2378 226 2435 maiore
242 2376 377 2454 inpendio
394 2375 534 2434 vehiculis
549 2375 583 2433 ad
598 2392 674 2433 mare
687 2373 863 2432 devehuntur
865 2410 957 2426 .....
975 2369 1038 2427 Hoc
1052 2382 1168 2449 opustb

119 2459 221 2518 multas
244 2476 342 2519 manus
363 2460 473 2535 poscit:
500 2467 527 2514 at
549 2474 601 2515 eac
621 2473 708 2531 porro
727 2471 784 2513 non
805 2452 916 2512 desunt.
954 2449 1026 2510 Nam
1048 2464 1080 2513 et
1103 2459 1131 2516 in

119 2543 195 2616 agris
216 2558 317 2616 magna
342 2543 426 2615 copia
447 2549 491 2597 est
507 2539 649 2597 homiuum
665 2546 694 2595 et
709 2538 827 2596 maxima
840 2538 868 2594 in
886 2536 1018 2612 civitate,
1036 2550 1130 2599 certa·

119 2640 174 2701 que
195 2638 264 2697 spes
289 2640 387 2681 omncs
407 2621 595 2680 libentissime
615 2619 804 2698 adgressuros
828 2639 901 2699 opus
924 2621 1054 2682 omnibus
1071 2622 1130 2682 iru-

92 2712 258 2765 actuosum.
294 2706 435 2782 Superest
457 2713 487 2762 ut
503 2714 534 2763 tu
555 2702 720 2764 libratorem
740 2704 787 2765 vel
808 2706 1011 2781 architectum,
1035 2708 1060 2766 si
1079 2707 1129 2767 tibi

118 2787 271 2865 videbitur,
287 2791 379 2848 mittas
397 2790 445 2866 qui
460 2786 613 2865 diligenter
627 2790 760 2868 exploret
775 2791 850 2851 sitne
861 2790 940 2850 lacus
951 2789 1035 2849 altior
1045 2792 1126 2867 mari,
1137 2802 1170 2858 30

119 2889 202 2950 quem
218 2873 342 2932 artifices
358 2873 485 2948 regionis
499 2873 581 2934 huius
598 2874 780 2954 quadraginta
795 2876 898 2936 cubitis
913 2874 1043 2935 altiorem
1059 2893 1127 2935 csse

93 2955 304 3017 acontendunt.
338 2955 403 3034 Ego
426 2975 478 3036 per
496 2958 595 3018 eadem
614 2958 679 3020 loca
692 2961 807 3020 invenio
824 2960 932 3021 fossam
946 2977 962 3019 a
976 2976 1047 3036 rege
1062 2975 1128 3037 per·

121 3058 247 3103 cussam:
270 3041 322 3102 sed
337 3043 477 3101 incertum
498 3054 589 3104 utrum
607 3044 642 3104 ad
658 3044 851 3123 colligendum
864 3060 991 3103 umorem
1009 3044 1128 3102 circum·

120 3128 271 3187 iacentium
280 3143 413 3206 agrorum
422 3145 457 3188 an
468 3128 503 3187 ad
515 3129 744 3190 committendum
756 3129 859 3188 llumini
870 3127 974 3189 lacum.
989 3126 1042 3187 Est
1054 3128 1128 3186 enim

120 3210 292 3290 inperfecta;
314 3211 370 3272 hoc
383 3228 497 3291 quoque
510 3213 641 3290 dubium,
654 3215 816 3291 intercepto
827 3232 899 3290 rege
911 3211 1081 3272 mortalitate
1094 3229 1128 3270 an
1137 3216 1170 3270 35

96 3296 278 3374 5desperato
298 3297 395 3376 operis
413 3296 529 3359 ellectu.
564 3297 622 3358 Sed
634 3297 691 3359 hoc
708 3300 772 3376 ipso
785 3297 879 3376 (feres
893 3299 966 3357 euim
981 3313 1026 3355 me
1041 3296 1129 3354 ambi·

123 3381 226 3439 tiosum
245 3398 297 3460 pro
311 3392 358 3442 tua
373 3381 481 3460 gloria)
501 3382 604 3443 innitor
625 3392 654 3443 et
668 3383 812 3444 accendor
826 3392 857 3442 ut
872 3383 983 3460 cupiam
997 3380 1098 3457 peragi
1113 3395 1130 3438 a

122 3469 151 3519 te
168 3480 240 3540 quae
257 3475 364 3526 tantum
379 3476 536 3544 coeperant
550 3486 647 3546 reges.
