2588 4116
425 182 689 243 Pnuuumucus
710 194 751 244 12.
761 194 803 245 13.
812 194 853 247 14.
1082 184 1145 247 247

139 353 191 394 cer
205 335 308 395 virtute
323 335 441 395 militum
456 346 484 396 et
499 335 607 412 laetus,
629 338 761 413 quotiens
777 345 824 395 aut
840 336 943 395 cassidi
958 346 1023 397 tuae
1035 346 1081 396 aut
1095 336 1145 397 cli-

138 434 197 497 peo
212 420 328 495 gravior
342 421 417 480 ictus
435 420 590 488 incideret;
617 418 763 496 (laudabas
778 422 885 498 quippe
902 413 1056 496 lerientes,
1078 420 1144 480 hor-

138 501 302 579 tabarisque
317 512 347 562 nt
362 503 515 580 auderent,
533 513 562 563 et
577 501 717 562 audebant
731 502 800 580 iam)
813 521 876 561 cum
888 511 1034 581 spectator
1047 504 1145 564 mode·

139 595 274 663 ratorque
296 588 449 646 ineuntium
468 587 619 646 certamina
633 587 757 646 virorum
771 603 845 644 arma
861 602 1061 665 conponeres,
1088 587 1145 646 tela

112 678 312 747 atemptares,
334 686 368 728 ac
384 672 408 732 si
424 669 500 748 quod
514 669 609 728 durius
625 669 777 747 accipienti
791 669 951 745 videretur,
974 670 1038 746 ipse
1053 670 1143 730 vibra·

139 770 196 811 res.
226 751 300 824 Quid
316 770 379 812 cum
397 753 533 813 solacium
547 753 652 830 fessis,
668 755 763 830 aegris
779 769 864 831 opem
879 749 993 813 ferres?
1015 752 1080 813 Non
1094 754 1145 813 tibi

138 836 224 895 moris
248 844 295 894 tua
316 837 386 896 inire
410 837 547 913 tentoria,
573 837 627 896 nisi
649 835 870 896 commilitonum
890 845 956 897 aute
977 836 1143 915 lustrasses,

138 936 193 976 nec
207 920 336 997 requiem
355 922 470 999 corpori
485 922 539 981 nisi
561 929 627 998 post
644 938 742 981 omnes
757 920 834 979 dare.
869 918 929 979 Hac
943 920 1010 979 mihi
1028 919 1144 981 admira-

139 1003 215 1062 tione
231 1003 333 1078 dignus
348 1004 501 1082 imperator
511 1022 568 1063 non
581 1003 740 1081 videretur,
756 1005 781 1063 si
794 1005 868 1062 inter
877 1001 1025 1063 Fabricios
1041 1013 1070 1062 et
1081 1004 1144 1062 Sci·

93 1092 129 1144 10
138 1088 240 1162 piones
256 1095 285 1145 et
301 1083 436 1146 Camillos
452 1087 515 1146 talis
531 1097 619 1147 esset.
648 1087 731 1147 Tunc
743 1087 817 1146 enim
831 1086 909 1145 illum
922 1088 1083 1147 imitationis
1099 1105 1142 1146 ar·

137 1169 189 1228 dor
203 1186 376 1247 semperque
390 1168 491 1229 melior
506 1169 607 1248 aliquis
625 1171 807 1233 accenderet.
830 1169 983 1248 Postquam
998 1187 1068 1229 vero
1085 1179 1142 1230 stu·

137 1251 212 1310 dium
232 1268 372 1310 armorum
391 1270 408 1311 a
425 1253 553 1312 manibus
574 1253 609 1312 ad
631 1253 748 1329 oculos,
774 1252 809 1311 ad
823 1253 998 1329 voluptatem
1012 1271 1028 1311 a
1042 1253 1141 1312 labore

136 1334 300 1394 translatum
314 1343 373 1403 est;
396 1345 547 1414 postquam
569 1335 820 1395 exercitationibus
840 1336 945 1394 nostris
960 1351 1017 1393 non
1030 1345 1141 1394 vetera·

136 1436 238 1477 norum
251 1418 369 1496 aliquis,
388 1420 433 1479 cni
445 1419 535 1480 decus
547 1418 659 1479 muralis
671 1429 718 1479 aut
731 1419 837 1494 civica,
855 1418 907 1476 sed
915 1416 1071 1477 Graeculus
1085 1436 1141 1476 ma·

94 1515 127 1564 15
138 1504 229 1579 gister
247 1501 373 1562 adsistit:
399 1520 482 1579 quarn
501 1521 631 1580 magnum
650 1512 712 1580 est,
738 1520 822 1560 unum
842 1520 880 1560 ex
900 1501 1029 1562 omnibus
1050 1503 1141 1579 patrio

137 1603 234 1662 more,
253 1588 341 1663 patria
356 1587 459 1646 virtute
474 1585 588 1663 laetari,
601 1595 630 1646 et
644 1588 705 1645 sine
722 1583 849 1661 aemulo,
867 1587 928 1644 sine
946 1584 1079 1664 exemplo
1095 1603 1141 1644 se·
1214 1616 1219 1625 ·

138 1687 201 1727 cum
218 1679 346 1746 certare,
369 1687 469 1740 secum
483 1670 675 1745 contendere,
700 1687 734 1729 ac
749 1670 824 1728 sicut
839 1669 959 1745 imperat
974 1667 1070 1746 solus,
1093 1685 1141 1727 so·

136 1751 193 1810 lum
207 1753 244 1811 ita
265 1771 333 1813 esse
349 1755 396 1832 qui
412 1752 515 1814 debeat
529 1752 687 1830 imperare!
730 1751 796 1811 Non
809 1751 979 1812 incunabula
993 1751 1065 1811 haec
1077 1752 1139 1830 tibi,
1153 1753 1192 1816 14

137 1834 260 1912 Caesar,
278 1847 307 1896 et
322 1836 494 1913 rudimenta,
512 1855 575 1895 cum
590 1854 661 1914 puer
676 1835 824 1896 admodum
835 1835 966 1896 Parthica
981 1834 1060 1896 lauro
1076 1835 1139 1913 glo·

92 1929 128 1980 20
136 1919 204 1977 riam
219 1921 307 1996 patris
328 1937 450 1994 augeres
471 1937 631 1996 nomenque
652 1919 809 1978 Germanici
829 1920 884 1978 iam
903 1929 962 1978 turn
981 1937 1139 1997 mererere,

137 2019 201 2061 cum
215 2001 351 2071 ferociam
373 2002 593 2079 superbiamque
614 2002 796 2061 barbarorum
817 2020 854 2060 ex
876 2004 1007 2080 proximo
1030 2002 1140 2062 auditus

135 2101 237 2159 magno
259 2093 368 2142 terrore
391 2083 559 2160 cohiberes,
585 2083 773 2160 Rhenumque
794 2092 824 2143 et
838 2082 1003 2162 Euphraten
1024 2084 1140 2144 admira-

134 2167 220 2226 tionis
244 2175 308 2225 tuae
330 2166 468 2226 societate
491 2163 702 2243 coniungeres?
731 2184 794 2225 cum
816 2166 915 2225 orbem
934 2176 1070 2225 terrarum
1083 2185 1140 2226 non

135 2249 258 2328 pedibus
278 2251 368 2326 magis
390 2267 472 2329 quam
492 2249 621 2309 laudibus
640 2266 827 2329 peragrares,
856 2248 930 2327 apud
954 2266 1005 2307 eos
1026 2267 1141 2326 semper

92 2347 127 2399 25
135 2335 224 2392 maior
238 2341 267 2392 et
283 2332 386 2392 clarior
400 2333 502 2412 quibus
517 2342 620 2413 postea
637 2329 833 2410 contigissest
860 2331 898 2392 Et
912 2331 1033 2391 necdum
1050 2334 1140 2409 impe·

134 2426 227 2494 rator,
243 2415 365 2476 necdum
380 2417 427 2477 dei
442 2416 515 2477 iilius
531 2436 605 2478 eras.
629 2416 804 2476 Germaniam
818 2414 1060 2494 Hispaniamque
1077 2433 1141 2474 cum

134 2500 273 2578 plurimae
286 2510 390 2576 gentes
404 2519 438 2560 ac
454 2519 546 2580 prope
556 2500 662 2561 infinita
673 2501 789 2561 vastitas
804 2500 997 2559 interiacentis
1012 2497 1068 2559 soli
1083 2507 1140 2558 turn

134 2583 314 2659 Pyrenaeus,
329 2583 439 2663 Alpes,
454 2586 631 2662 inmensique
646 2583 692 2643 alii
706 2592 835 2659 montes,
857 2581 967 2642 nisibis
983 2600 1140 2662 conparen-

135 2674 196 2740 tur,
218 2667 342 2726 muniunt
359 2667 554 2746 dirimuntque.
588 2666 643 2727 Per
662 2667 718 2727 hoc
734 2684 817 2726 omne
833 2668 953 2745 spatium
970 2685 1033 2726 cum
1047 2666 1138 2744 legio·

89 2766 188 2818 :sones
203 2747 324 2807 duceres
340 2768 392 2808 sen
406 2751 501 2828 potius
516 2751 606 2828 (tanta
621 2749 761 2811 uelocitas
777 2760 851 2827 erat)
868 2769 1002 2829 raperes,
1018 2768 1075 2810 non
1089 2770 1138 2809 ve·

135 2829 261 2891 hiculum
274 2850 421 2910 umquam,
435 2850 492 2892 non
509 2851 613 2913 equum
626 2810 790 2912 rbspexisti
819 2834 903 2894 Levis
918 2833 983 2910 hic,
1000 2853 1058 2894 non
1073 2834 1139 2895 sub-

135 2915 240 2976 sidium
252 2916 360 2976 itineris
376 2916 427 2976 sed
444 2915 549 2993 decus,
577 2925 606 2976 et
626 2935 690 2978 curn
712 2919 823 2978 ceteris
836 2919 1081 2997 subsequebatur,
1109 2926 1139 2978 ut

136 3002 216 3059 cuius
231 2999 325 3060 nullus
341 3000 391 3059 tibi
406 3017 490 3076 usus,
507 3001 560 3060 nisi
576 3018 639 3060 cum
653 3000 699 3060 die
714 3003 879 3061 stativorum
890 3003 1048 3079 proximum
1064 3019 1138 3061 cam·

134 3101 202 3160 pnrn
219 3082 363 3149 alacritate
379 3082 509 3145 discursu
523 3083 642 3162 pulvere
657 3085 814 3145 attolleres.
843 3085 954 3144 Initium
968 3084 1073 3144 laboris
1088 3086 1138 3142 mi-

90 3174 182 3228 35rer
196 3184 231 3225 an
246 3163 350 3226 linem?
370 3164 488 3227 blnltum
503 3177 548 3228 est
563 3168 638 3246 quod
650 3169 861 3246 perseverasti,
877 3166 943 3244 plus
955 3177 1048 3226 tamen
1062 3167 1139 3243 quod

133 3267 190 3309 non
204 3250 321 3311 timuisti
335 3269 371 3310 ne
387 3268 576 3329 perseverare
594 3269 650 3311 non
663 3269 780 3328 posses.
808 3249 871 3310 Nec
894 3250 992 3308 dubito
1007 3250 1072 3326 quin
1087 3248 1138 3308 ille

134 3335 182 3410 qni
198 3343 226 3393 te
243 3335 316 3393 inter
335 3333 383 3393 illa
398 3334 563 3395 Germaniae
579 3333 655 3395 bella
674 3334 710 3393 ab
724 3333 857 3412 Hispania
872 3351 963 3410 usque
979 3343 1008 3392 ut
1023 3331 1137 3394 validis·

132 3417 232 3476 simum
253 3418 424 3496 praesidium
446 3419 608 3495 exciverat,
639 3420 715 3477 iners
735 3420 798 3496 ipse
816 3416 973 3495 alienisque
989 3416 1138 3479 virtutibus
