2588 4116
418 221 681 282 EPISTULARUM
695 221 745 282 Vl.
767 232 810 285 30.
827 232 870 286 31.
1088 226 1149 288 129

142 385 202 436 tum
217 391 274 433 non
290 375 351 434 sine
374 375 466 453 aliqua
481 375 707 453 reprehensione
731 376 884 452 patientiae
900 392 978 434 amor
992 381 1089 438 uxoris
1104 398 1148 439 re·

142 457 288 534 tardabat,
315 475 397 535 qnam
418 458 532 537 quidem
553 462 637 520 etiam
657 466 724 536 post
745 456 867 516 delatum
887 457 1054 519 adulterium
1074 462 1148 523 domi

142 543 297 615 habuerat,
321 543 402 619 quasi
418 552 567 604 contentus
582 542 723 602 aemulum
737 543 907 601 removisse.
940 542 1105 604 Admonitus
1119 557 1174 609 uto

144 633 299 703 perageret
316 628 546 704 accusationem,
574 629 687 706 peregit
709 627 821 685 invitus.
854 624 913 683 Sed
932 625 1008 685 illam
1029 626 1150 688 damnari

116 712 229 770 setiam
246 710 333 767 invito
351 719 519 771 accusatore
539 728 663 770 necesse
685 717 761 769 erat:
783 708 911 769 damnata
926 718 955 768 et
970 709 1059 769 lullae
1076 711 1149 788 legis

142 795 246 873 poenis
262 792 362 853 relicta
377 804 431 854 est.
462 793 568 854 Caesar
583 803 612 853 et
627 811 729 853 nomen
746 793 918 852 centurionis
935 802 964 851 et
980 812 1150 856 commemo·

143 880 281 937 rationem
293 876 459 956 disciplinae
474 877 600 938 militaris
615 879 774 939 sententiae
790 876 903 953 adiecit,
921 895 957 935 ne
973 881 1062 938 omnis
1076 883 1149 939 eius·

143 960 219 1022 modi
237 978 337 1021 causas
359 980 497 1023 revocare
512 963 595 1022 adse
610 962 763 1021 videretur.
797 959 894 1020 Tertio
910 960 956 1020 die
972 962 1086 1023 inducta
1101 973 1176 1028 eoi

145 1046 235 1121 gnitio
252 1054 296 1104 est
309 1044 402 1105 multis
418 1047 595 1106 sermonibus
611 1056 640 1105 et
653 1047 731 1105 vario
746 1062 859 1105 rumore
874 1046 986 1121 iactata,
1004 1044 1057 1105 loli
1070 1046 1149 1107 Tiro·

101 1132 136 1183 10
146 1130 191 1187 nis
208 1127 343 1204 codicilli,
360 1147 432 1207 quos
448 1148 484 1189 ex
497 1139 577 1209 parte
590 1147 676 1190 veros
691 1147 758 1190 esse
770 1128 928 1205 constabat,
945 1139 1072 1208 exparte
1086 1131 1150 1191 falsi

146 1212 322 1273 dicebantur.
371 1212 618 1274 Substituebantur
652 1215 761 1272 crimini
795 1213 979 1290 Sempronius
1012 1215 1176 1292 Senecio,8

146 1314 237 1374 eques
253 1295 412 1371 Romanos,
433 1306 463 1357 et
476 1296 665 1373 Eurythmus,
688 1294 820 1355 Caesaris
835 1295 955 1355 libertus
971 1307 1000 1356 et
1016 1314 1149 1375 procura·

146 1388 201 1438 tor.
234 1379 381 1456 lleredes,
405 1398 468 1439 cum
490 1378 596 1439 Caesar
618 1389 697 1439 esset
716 1381 744 1438 in
760 1378 865 1456 Dacia,
891 1383 1077 1439 communiter
1091 1385 1151 1460 epi·

146 1462 219 1522 stula
235 1466 341 1541 scripta
355 1465 496 1542 petierant
511 1473 541 1523 ut
555 1465 718 1540 susciperet
734 1464 933 1539 cognitionem.
966 1463 1149 1542 Susceperat.

104 1544 293 1607 15Reversus
309 1546 383 1606 diem
398 1547 532 1624 dederat,
555 1555 662 1606 etcum
683 1563 720 1605 ex
739 1545 892 1605 heredibus
915 1547 1041 1624 quidam,
1071 1551 1176 1626 quasia

147 1633 306 1691 reverentia
321 1630 478 1708 Eurythmi,
496 1631 658 1691 omitterent
672 1631 893 1706 accusationem,
906 1629 1097 1708 pulcherrime
1110 1632 1150 1690 di-

145 1724 227 1774 xerat
243 1720 309 1773 ‘nec
324 1714 374 1775 ille
390 1714 546 1790 Polyclitus
561 1723 676 1774 estnec
691 1731 748 1790 ego
760 1712 862 1773 Nero?
885 1712 1041 1774 indulserat
1059 1725 1150 1775 tamen

147 1799 309 1876 petentibus
332 1798 510 1872 dilationem,
533 1800 613 1858 cuius
633 1808 763 1876 tempore
786 1807 887 1857 exacto
910 1798 1080 1859 consederat
1103 1819 1150 1858 au·

148 1881 263 1941 ditums.
302 1882 328 1942 A
356 1893 436 1962 parte
464 1882 600 1942 heredum
619 1884 794 1941 intraverunt
816 1880 888 1950 duo;
916 1885 1028 1942 omnino
1051 1893 1193 1961 postu-10

103 1965 276 2026 dolaverunt
306 1984 403 2026 omnes
426 1965 549 2025 heredes
570 1983 657 2041 agere
681 1975 869 2041 cogerentur,
899 1983 962 2024 eum
983 1965 1151 2027 detulissent

148 2064 264 2125 omnes,
286 2060 333 2108 aut
349 2050 403 2108 sibi
424 2065 538 2126 quoque
556 2047 696 2108 desistere
713 2049 933 2125 permitteretur.
967 2048 1090 2109 Locutus
1106 2062 1151 2109 est
1162 2064 1193 2113 11

149 2132 255 2191 Caesar
277 2149 383 2191 summa
409 2133 564 2206 gravitate,
592 2148 697 2189 summa
721 2130 933 2206 moderatione,
961 2148 1081 2209 cumque
1104 2134 1151 2192 ad-

148 2223 269 2275 vocatus
291 2215 459 2274 Senecionis
488 2222 517 2273 et
537 2212 682 2287 Eurythmi
704 2212 823 2272 dixisset
843 2215 1046 2291 suspitionibus
1069 2206 1152 2274 relin-

151 2303 198 2379 qui
214 2317 297 2376 reos,
313 2299 367 2358 nisi
382 2297 559 2372 audirentur,
575 2303 643 2355 ‘non
659 2301 740 2356 curo’
755 2295 851 2374 inquid
867 2302 913 2356 ‘an
928 2298 974 2356 isti
991 2301 1152 2375 suspitioni·

105 2395 140 2447 25
150 2384 202 2444 hus
218 2383 422 2462 relinquantur,
438 2401 495 2460 ego
507 2382 674 2460 relinquor’.
697 2378 771 2439 Dein
781 2398 935 2440 conversus
945 2380 1052 2458 ainos,
1067 2377 1151 2440 ‘e'ne
1164 2394 1196 2444 12

151 2461 291 2546 στήσατε
306 2467 374 2546 quid
389 2468 487 2527 lacere
503 2467 671 2526 debeamus:
693 2464 739 2525 isti
762 2467 836 2524 enirn
858 2468 938 2544 queri
959 2463 1058 2524 volunt
1078 2465 1153 2543 quod

151 2553 205 2612 sihi
219 2570 275 2611 non
287 2551 398 2612 licuerit
414 2554 571 2610 accusare'.
592 2549 662 2610 lum
676 2568 713 2610 ex
728 2549 839 2611 consilii
853 2550 994 2610 sententia
1008 2551 1091 2609 iussit
1106 2549 1154 2607 de·

151 2636 270 2693 nuntiari
288 2634 442 2694 heredibus
462 2635 591 2693 omnibus
617 2643 664 2693 aut
684 2644 803 2711 agerent
823 2642 871 2693 aut
892 2632 995 2711 singuli
1016 2633 1154 2712 adproba-

152 2726 215 2776 rent
226 2734 325 2775 causas
341 2733 397 2775 non
412 2716 528 2793 agendi;
551 2717 658 2796 alioqui
674 2736 707 2778 se
722 2718 770 2776 vel
787 2718 824 2777 de
840 2716 975 2777 calumnia
992 2719 1154 2796 pronuntia·

107 2819 142 2872 30
152 2812 252 2862 turum.
275 2799 362 2859 Vides
379 2817 461 2877 quam
475 2801 605 2877 honesti,
622 2819 705 2879 quam
720 2803 814 2861 severi
828 2800 907 2879 dies,
925 2819 997 2878 quos
1013 2800 1197 2860 iucundis-13

152 2889 238 2946 simae
257 2887 440 2944 remissiones
461 2884 661 2963 sequebantur.
692 2884 904 2945 Adhibebamur
924 2885 1029 2945 cotidie
1051 2902 1154 2945 cenae:

152 2979 212 3029 erat
227 2968 353 3045 modica,
376 2970 399 3026 si
423 2968 580 3045 principem
595 2969 746 3044 cogitares.
777 2966 921 3028 interdum
936 2979 1092 3029 acroamata
1109 2986 1155 3026 au·

152 3054 314 3129 diebamus,
336 3051 474 3111 interdum
495 3049 703 3112 iucundissimis
725 3054 901 3112 sermonibus
917 3069 974 3112 nox
991 3051 1154 3110 ducebatur.

152 3138 266 3197 Summo
281 3137 327 3195 die
343 3136 511 3195 abeuntibus
526 3135 608 3195 nohis
625 3136 697 3214 (tam
711 3135 833 3214 diligens
851 3138 878 3194 in
894 3133 1017 3194 Caesare
1033 3134 1156 3192 humani·
1167 3140 1200 3191 11

109 3232 142 3286 35
152 3221 211 3299 tas)
227 3221 311 3280 xenia
326 3228 390 3279 sunt
405 3221 498 3280 missa.
520 3218 578 3278 Sed
593 3220 659 3278 mibi
675 3230 704 3279 ut
719 3222 842 3297 gravitas
857 3220 1065 3293 cognitionum,
1088 3232 1155 3274 oon-

152 3305 208 3367 silii
223 3305 329 3378 lionor,
353 3305 475 3363 suavitas
497 3303 721 3382 simplicitasque
743 3304 908 3376 convictus,
930 3301 968 3359 ita
990 3298 1072 3359 locus
1093 3302 1156 3378 ipse

152 3388 343 3468 periucundus
361 3388 421 3447 luit.
450 3385 524 3446 Villa
538 3386 727 3464 pulcherrima
742 3388 863 3463 cingitur
877 3382 1054 3442 viridissimis
1069 3385 1200 3460 agris,15

152 3475 277 3533 immInet
296 3472 386 3548 litori,
415 3472 494 3531 ouius
522 3472 550 3528 in
572 3472 634 3529 sinu
656 3471 685 3529 dt
706 3486 768 3527 oum
789 3470 908 3529 maxime
927 3476 1036 3546 portus.
1067 3466 1156 3527 lluirrs

193 3561 265 3613 Pnrnr
280 3560 329 3612 En.
975 3550 996 3610 9
