2588 4116
192 288 256 352 216
496 284 530 347 G.
549 285 647 346 PLINI
667 284 717 344 ΕΤ
739 282 896 345 uuamut

591 438 676 499 ιιιιι.
694 437 801 516 [turn]

415 539 441 589 C.
461 538 585 590 PLINIUS
603 538 746 590 TRAIANO
765 536 972 587 luruanuoul,

169 656 183 706 1
257 643 399 704 Pecuniae
415 644 565 723 publicae,
588 643 717 720 domine,
739 641 917 721 providentia
934 650 982 701 tua
999 650 1029 700 et
1043 642 1205 703 ministerio

193 737 292 788 nostro
308 737 337 788 et
355 730 408 787 iam
422 737 542 788 exactae
555 737 620 788 sunt
639 737 669 787 et
683 727 846 805 exiguntur;
866 743 939 804 quae
954 741 1060 784 uereor
1076 744 1112 785 ne
1132 729 1204 787 otio·

194 830 243 871 sae
256 814 374 871 iaceant.
399 810 468 870 Nam
481 822 509 872 et
518 812 697 891 praediorum
709 809 1006 890 conparandorumaut
1015 807 1091 868 nulla
1100 819 1151 870 ant
1161 821 1225 874 rat

193 896 431 956 rissimaoccasio
442 905 497 973 est,
514 897 757 956 necinveniuntur
767 893 913 973 quivelint
928 891 1035 953 dehere
1049 897 1092 952 rei
1110 893 1204 970 publi·

195 996 257 1054 cae,
274 981 441 1057 praesertim
457 979 595 1040 duodenis
610 981 740 1057 assibus,
759 980 853 1058 quanti
870 979 1016 1057 aprivatis
1030 986 1201 1038 mutuantur.
1218 1043 1225 1050 ⁸

169 1061 314 1139 tDispice
329 1081 412 1140 ergo,
430 1063 554 1140 domine,
569 1064 703 1143 numquid
718 1062 895 1122 minuendam
910 1079 1022 1121 usuram
1032 1079 1067 1121 ac
1079 1080 1135 1140 per
1146 1061 1203 1122 hoc

194 1145 315 1208 idoneos
331 1146 478 1208 debitores
495 1148 653 1208 invitandos
675 1157 777 1227 putes,
792 1156 821 1207 et
838 1148 863 1207 si
880 1164 935 1205 nec
951 1147 993 1206 sic
1007 1148 1202 1225 reperiuntur,

195 1229 417 1291 distribuendam
437 1234 510 1293 inter
531 1231 701 1293 decuriones
716 1232 883 1311 pecuniam,
898 1232 936 1290 ita
950 1239 980 1290 ut
994 1240 1076 1290 recte
1090 1233 1135 1289 rei
1150 1249 1201 1310 pu·
1210 1245 1241 1297 lo

194 1313 289 1376 blicae
307 1326 439 1386 caveant;
463 1316 540 1395 quod
555 1335 723 1396 quamquam
740 1317 833 1375 invitis
851 1325 879 1376 et
893 1314 1091 1375 recusantibus
1111 1316 1201 1376 minus

195 1401 329 1460 acerbum
344 1403 397 1460 erit
413 1400 522 1461 leviore
540 1420 625 1462 usura
644 1401 803 1461 constituta.

601 1549 656 1608 ιι.
672 1549 792 1627 [nunu]

536 1647 701 1697 TRAIANUS
716 1646 821 1697 PLINIO
840 1646 866 1700 S.
1209 1655 1239 1707 lt

254 1748 292 1808 Et
305 1751 369 1826 ipse
380 1766 437 1807 non
450 1748 525 1809 aliud
537 1747 691 1808 remedium
703 1749 835 1827 dispicio,
851 1751 888 1808 mi
900 1748 1032 1809 Secunde
1044 1750 1200 1824 carissime,
1282 1810 1284 1815 ,

196 1847 278 1908 quam
300 1841 330 1891 ut
351 1834 490 1910 quantitas
511 1850 656 1894 usurarum
679 1834 834 1911 minuatur,
856 1851 916 1911 quo
935 1831 1046 1893 facilius
1061 1834 1201 1911 pecuniae

195 1913 329 1993 publicae
351 1916 547 1977 conlocentur.
580 1914 695 1976 llodum
715 1919 777 1977 eius
800 1935 837 1976 ex
858 1920 942 1995 copia
958 1933 1058 1977 eorum
1077 1918 1124 1995 qui
1140 1933 1201 1975 mu·
1281 1958 1284 1983 ι

194 1998 347 2060 tuabuntur
362 2010 393 2061 tu
415 2003 581 2063 constitues.
617 2000 724 2062 Invitos
746 2002 782 2062 ad
803 2000 999 2080 accipiendum
1021 1999 1196 2079 conpellere,
1276 1986 1284 2057 l

196 2084 272 2161 quod
293 2083 423 2147 fortassis
444 2087 515 2164 ipsis
538 2088 660 2148 otiosum
682 2085 805 2145 loturum
827 2087 879 2163 sit,
901 2094 1024 2145 nonest
1046 2085 1239 2145 exiustitiato

193 2177 356 2228 nostrorum
371 2180 541 2248 tempomm.

590 2317 659 2377 ιιι.
680 2316 815 2393 [nunna

421 2415 447 2465 G.
465 2415 589 2466 PLINIUS
608 2413 750 2463 TRAIANO
766 2410 973 2460 IMPERATORI.

167 2541 183 2592 1
258 2529 397 2627 Summas,
413 2530 536 2605 domine,
551 2531 655 2605 gratias
673 2543 728 2604 ago
744 2526 820 2605 quod
834 2528 909 2586 inter
924 2527 1058 2587 maximas
1074 2546 1202 2612 occupa·
1193 2544 1241 2597 -25

195 2613 289 2671 tiones
304 2613 336 2670 ic
350 2613 386 2671 iis
403 2610 438 2670 de
454 2611 556 2689 quibus
571 2621 600 2671 te
617 2609 746 2670 consului
761 2630 806 2672 me
823 2629 937 2711 qnoque
948 2629 1053 2688 regere
1070 2613 1202 2692 dignatus

167 2705 241 2756 aes:
263 2692 339 2770 quod
354 2711 428 2753 nunc
441 2711 556 2772 quoque
573 2695 660 2755 facias
674 2713 758 2773 rogo.
790 2696 867 2756 Adiit
881 2697 954 2756 enim
971 2714 1015 2756 me
1031 2697 1169 2774 quidam
1160 2720 1201 2760 ru·

195 2777 356 2854 dicavitque
376 2777 556 2840 adversarios
578 2797 646 2841 suos
661 2798 677 2840 a
693 2779 815 2842 Servilio
831 2777 931 2857 Calvo,
951 2779 1153 2842 clarissimo
1125 2802 1199 2862 vno,

192 2864 220 2921 in
235 2861 384 2920 triennium
398 2861 565 2940 relegatos
556 2883 585 2924 sn
596 2866 744 2943 provincia
753 2866 869 2943 morari:
863 2864 925 2924 ·illi
939 2874 1036 2925 contra
1047 2866 1082 2925 ab
1096 2866 1199 2927 eodem

192 2965 225 3006 se
237 2945 385 3007 restitutos
396 2945 611 3009 adfirmaverunt
623 2948 804 3029 edictumque
815 2951 1016 3010 recitaverunt.
1040 2948 1103 3022 oua
1115 2954 1239 3011 causato

166 3030 387 3092 successorium
408 3030 516 3092 credidi
537 3052 599 3093 rem
619 3035 759 3112 integram
779 3034 814 3094 ad
836 3043 866 3094 te
887 3033 1006 3094 referre
1038 3032 1110 3093 Nam
1124 3035 1200 3095 sient

193 3115 329 3176 mandatis
349 3117 406 3177 tuis
428 3127 541 3178 cautum
561 3127 607 3179 est
627 3137 664 3177 ne
687 3120 834 3179 restituam
849 3118 884 3177 ab
898 3117 955 3177 alio
969 3126 1016 3176 aut
1030 3135 1047 3177 a
1062 3135 1108 3176 me
1124 3116 1200 3178 rele-

192 3209 293 3278 gatos,
314 3201 352 3260 ita
373 3200 409 3261 de
428 3202 463 3261 iis
486 3219 559 3279 quos
581 3201 653 3262 alius
675 3213 704 3263 et
724 3200 897 3280 relegaverit
913 3211 942 3261 et
959 3203 1116 3262 restituerit
1130 3200 1199 3261 nilril

194 3282 424 3363 conprehensum
445 3295 498 3347 cst
533 3285 601 3346 Ideo
618 3294 664 3362 tu,
683 3286 813 3365 domine,
830 3284 1022 3346 consulendus
1037 3284 1117 3346 fuisti
1132 3285 1199 3363 quid

193 3367 349 3428 observare
364 3387 410 3429 ma
430 3369 540 3448 uelles,
562 3381 618 3431 tam
639 3368 765 3430 Hercule
780 3389 862 3449 quam
877 3369 951 3429 de'
933 3390 967 3430 ns
986 3370 1033 3447 qui
1049 3371 1077 3427 in
1092 3386 1197 3448 perpe·
1187 3378 1284 3457 -35-

167 3455 271 3507 4ῑιιιιιιι
286 3449 407 3528 relegati
422 3472 478 3513 nec
492 3456 615 3514 restituti
628 3455 657 3512 in
678 3456 822 3532 provincia
837 3453 1096 3532 deprehenduntur.
1127 3452 1199 3513 Nam

193 3530 267 3591 haec
285 3548 401 3613 quoquc
421 3539 538 3616 species
558 3536 685 3598 incidit
677 3539 910 3616 incognitionem
922 3554 1021 3597 meam.
1053 3534 1108 3598 Est
1122 3539 1198 3598 enim
