<?xml version="1.0" encoding="UTF-8"?>
<!DOCTYPE html PUBLIC "-//W3C//DTD XHTML 1.0 Transitional//EN"
    "http://www.w3.org/TR/xhtml1/DTD/xhtml1-transitional.dtd">
<html xmlns="http://www.w3.org/1999/xhtml" xml:lang="en" lang="en">
 <head>
  <title>
</title>
<meta http-equiv="Content-Type" content="text/html;charset=utf-8" />
  <meta name='ocr-system' content='tesseract 3.04.00' />
  <meta name='ocr-capabilities' content='ocr_page ocr_carea ocr_par ocr_line ocrx_word'/>
</head>
<body>
  <div class='ocr_page' id='page_1' title='image "./cplinicaccilise00plingoog_0085.png"; bbox 0 0 2588 4116; ppageno 0'>
   <div class='ocr_carea' id='block_1_1' title="bbox 429 208 1161 275">
    <p class='ocr_par' dir='ltr' id='par_1_1' title="bbox 429 208 1161 275">
     <span class='ocr_line' id='line_1_1' title="bbox 429 208 1161 275; baseline 0.004 -7"><span class='ocrx_word' id='word_1_1' title='bbox 429 208 691 271; x_wconf 78' lang='lat' dir='ltr'>EPISTULARUM</span> <span class='ocrx_word' id='word_1_2' title='bbox 705 210 756 270; x_wconf 89' lang='lat'><em>111.</em></span> <span class='ocrx_word' id='word_1_3' title='bbox 779 220 821 274; x_wconf 77' lang='lat'><strong>20.</strong></span> <span class='ocrx_word' id='word_1_4' title='bbox 838 220 881 275; x_wconf 80' lang='lat'><strong>21.</strong></span> <span class='ocrx_word' id='word_1_5' title='bbox 1119 208 1161 272; x_wconf 81' lang='lat'><strong>65</strong></span> 
     </span>
    </p>
   </div>
   <div class='ocr_carea' id='block_1_2' title="bbox 60 359 1202 858">
    <p class='ocr_par' dir='ltr' id='par_1_2' title="bbox 152 359 1202 691">
     <span class='ocr_line' id='line_1_2' title="bbox 152 359 1156 442; baseline 0 -21"><span class='ocrx_word' id='word_1_6' title='bbox 152 359 259 439; x_wconf 91' lang='lat' dir='ltr'><strong>aliquid</strong></span> <span class='ocrx_word' id='word_1_7' title='bbox 274 379 331 420; x_wconf 93' lang='lat' dir='ltr'><strong>non</strong></span> <span class='ocrx_word' id='word_1_8' title='bbox 351 361 455 422; x_wconf 85' lang='lat' dir='ltr'>humile</span> <span class='ocrx_word' id='word_1_9' title='bbox 476 381 531 422; x_wconf 91' lang='lat' dir='ltr'><strong>nec</strong></span> <span class='ocrx_word' id='word_1_10' title='bbox 554 363 696 423; x_wconf 89' lang='lat' dir='ltr'><strong>sordidum</strong></span> <span class='ocrx_word' id='word_1_11' title='bbox 710 382 765 422; x_wconf 87' lang='lat' dir='ltr'><strong>nec</strong></span> <span class='ocrx_word' id='word_1_12' title='bbox 779 364 895 442; x_wconf 90' lang='lat' dir='ltr'><strong>privatis</strong></span> <span class='ocrx_word' id='word_1_13' title='bbox 909 361 996 423; x_wconf 91' lang='lat' dir='ltr'><strong>rebus</strong></span> <span class='ocrx_word' id='word_1_14' title='bbox 1010 361 1156 423; x_wconf 87' lang='lat' dir='ltr'><strong>inclusum.</strong></span> 
     </span>
     <span class='ocr_line' id='line_1_3' title="bbox 153 443 1202 525; baseline 0.006 -21"><span class='ocrx_word' id='word_1_15' title='bbox 153 444 226 504; x_wconf 87' lang='lat' dir='ltr'><strong>Sunt</strong></span> <span class='ocrx_word' id='word_1_16' title='bbox 240 443 353 522; x_wconf 89' lang='lat' dir='ltr'><strong>quidem</strong></span> <span class='ocrx_word' id='word_1_17' title='bbox 375 454 476 505; x_wconf 91' lang='lat' dir='ltr'><strong>cuncta</strong></span> <span class='ocrx_word' id='word_1_18' title='bbox 491 447 543 506; x_wconf 91' lang='lat' dir='ltr'><strong>sub</strong></span> <span class='ocrx_word' id='word_1_19' title='bbox 560 449 640 506; x_wconf 90' lang='lat' dir='ltr'><strong>unius</strong></span> <span class='ocrx_word' id='word_1_20' title='bbox 656 447 787 523; x_wconf 85' lang='lat' dir='ltr'><strong>arbitrio,</strong></span> <span class='ocrx_word' id='word_1_21' title='bbox 812 447 858 525; x_wconf 94' lang='lat' dir='ltr'><strong>qui</strong></span> <span class='ocrx_word' id='word_1_22' title='bbox 879 464 931 525; x_wconf 91' lang='lat' dir='ltr'><strong>pro</strong></span> <span class='ocrx_word' id='word_1_23' title='bbox 947 446 1064 506; x_wconf 88' lang='lat' dir='ltr'><strong>utilitate</strong></span> <span class='ocrx_word' id='word_1_24' title='bbox 1082 458 1202 510; x_wconf 79' lang='lat' dir='ltr'><strong>com-12</strong></span> 
     </span>
     <span class='ocr_line' id='line_1_4' title="bbox 152 529 1158 608; baseline 0.002 -20"><span class='ocrx_word' id='word_1_25' title='bbox 152 533 230 588; x_wconf 90' lang='lat' dir='ltr'><strong>muni</strong></span> <span class='ocrx_word' id='word_1_26' title='bbox 246 529 325 589; x_wconf 92' lang='lat' dir='ltr'><strong>solus</strong></span> <span class='ocrx_word' id='word_1_27' title='bbox 342 531 471 588; x_wconf 89' lang='lat' dir='ltr'><strong>omnium</strong></span> <span class='ocrx_word' id='word_1_28' title='bbox 487 548 569 589; x_wconf 89' lang='lat' dir='ltr'><strong>curas</strong></span> <span class='ocrx_word' id='word_1_29' title='bbox 584 529 757 608; x_wconf 80' lang='lat' dir='ltr'>laboresque</span> <span class='ocrx_word' id='word_1_30' title='bbox 773 532 917 607; x_wconf 86' lang='lat' dir='ltr'><strong>suscepit;</strong></span> <span class='ocrx_word' id='word_1_31' title='bbox 940 530 1050 608; x_wconf 90' lang='lat' dir='ltr'><strong>quidam</strong></span> <span class='ocrx_word' id='word_1_32' title='bbox 1066 542 1158 591; x_wconf 89' lang='lat' dir='ltr'><strong>tamen</strong></span> 
     </span>
     <span class='ocr_line' id='line_1_5' title="bbox 154 612 1159 691; baseline 0 -19"><span class='ocrx_word' id='word_1_33' title='bbox 154 613 260 683; x_wconf 82' lang='lat' dir='ltr'>salubri</span> <span class='ocrx_word' id='word_1_34' title='bbox 282 620 505 691; x_wconf 88' lang='lat' dir='ltr'><strong>temperamento</strong></span> <span class='ocrx_word' id='word_1_35' title='bbox 527 613 561 672; x_wconf 91' lang='lat' dir='ltr'><strong>ad</strong></span> <span class='ocrx_word' id='word_1_36' title='bbox 581 632 633 673; x_wconf 92' lang='lat' dir='ltr'><strong>nos</strong></span> <span class='ocrx_word' id='word_1_37' title='bbox 656 630 771 691; x_wconf 85' lang='lat' dir='ltr'><strong>quoquc</strong></span> <span class='ocrx_word' id='word_1_38' title='bbox 793 612 871 672; x_wconf 91' lang='lat' dir='ltr'><strong>velut</strong></span> <span class='ocrx_word' id='word_1_39' title='bbox 891 615 943 672; x_wconf 91' lang='lat' dir='ltr'><strong>rivi</strong></span> <span class='ocrx_word' id='word_1_40' title='bbox 965 632 1002 672; x_wconf 83' lang='lat' dir='ltr'><strong>ex</strong></span> <span class='ocrx_word' id='word_1_41' title='bbox 1017 612 1065 672; x_wconf 93' lang='lat' dir='ltr'><strong>illo</strong></span> <span class='ocrx_word' id='word_1_42' title='bbox 1081 615 1159 674; x_wconf 93' lang='lat' dir='ltr'><strong>beni·</strong></span> 
     </span>
    </p>

    <p class='ocr_par' dir='ltr' id='par_1_3' title="bbox 60 695 1160 858">
     <span class='ocr_line' id='line_1_6' title="bbox 60 695 1160 789; baseline -0.004 -29"><span class='ocrx_word' id='word_1_43' title='bbox 60 696 68 789; x_wconf 70' lang='lat' dir='ltr'><strong>l</strong></span> <span class='ocrx_word' id='word_1_44' title='bbox 125 698 290 774; x_wconf 70' lang='lat' dir='ltr'><strong>bgnissimo</strong></span> <span class='ocrx_word' id='word_1_45' title='bbox 312 697 391 757; x_wconf 90' lang='lat' dir='ltr'><strong>fonte</strong></span> <span class='ocrx_word' id='word_1_46' title='bbox 413 695 580 774; x_wconf 81' lang='lat' dir='ltr'><strong>decurrunt,</strong></span> <span class='ocrx_word' id='word_1_47' title='bbox 603 714 675 775; x_wconf 90' lang='lat' dir='ltr'><strong>quos</strong></span> <span class='ocrx_word' id='word_1_48' title='bbox 698 706 727 755; x_wconf 93' lang='lat' dir='ltr'><strong>et</strong></span> <span class='ocrx_word' id='word_1_49' title='bbox 750 696 861 757; x_wconf 89' lang='lat' dir='ltr'><strong>haurire</strong></span> <span class='ocrx_word' id='word_1_50' title='bbox 881 697 938 774; x_wconf 91' lang='lat' dir='ltr'><strong>ipsi</strong></span> <span class='ocrx_word' id='word_1_51' title='bbox 953 707 981 757; x_wconf 91' lang='lat' dir='ltr'><strong>et</strong></span> <span class='ocrx_word' id='word_1_52' title='bbox 997 697 1160 757; x_wconf 76' lang='lat' dir='ltr'><strong>absentibus</strong></span> 
     </span>
     <span class='ocr_line' id='line_1_7' title="bbox 152 779 951 858; baseline -0.001 -19"><span class='ocrx_word' id='word_1_53' title='bbox 152 782 250 839; x_wconf 89' lang='lat' dir='ltr'><strong>amicis</strong></span> <span class='ocrx_word' id='word_1_54' title='bbox 266 783 346 858; x_wconf 90' lang='lat' dir='ltr'><strong>quasi</strong></span> <span class='ocrx_word' id='word_1_55' title='bbox 360 781 517 840; x_wconf 89' lang='lat' dir='ltr'><strong>ministrare</strong></span> <span class='ocrx_word' id='word_1_56' title='bbox 533 780 663 858; x_wconf 84' lang='lat' dir='ltr'><strong>epistulis</strong></span> <span class='ocrx_word' id='word_1_57' title='bbox 679 797 840 858; x_wconf 89' lang='lat' dir='ltr'><strong>possumus.</strong></span> <span class='ocrx_word' id='word_1_58' title='bbox 870 779 951 840; x_wconf 87' lang='lat' dir='ltr'><strong>Vale.</strong></span> 
     </span>
    </p>
   </div>
   <div class='ocr_carea' id='block_1_3' title="bbox 349 911 955 1063">
    <p class='ocr_par' dir='ltr' id='par_1_4' title="bbox 349 911 955 1063">
     <span class='ocr_line' id='line_1_8' title="bbox 619 911 695 974; baseline -0.039 0"><span class='ocrx_word' id='word_1_59' title='bbox 619 911 695 974; x_wconf 84' lang='lat' dir='ltr'><strong>Xxl.</strong></span> 
     </span>
     <span class='ocr_line' id='line_1_9' title="bbox 349 1010 955 1063; baseline 0.003 -2"><span class='ocrx_word' id='word_1_60' title='bbox 349 1011 374 1061; x_wconf 90' lang='lat' dir='ltr'><strong>c.</strong></span> <span class='ocrx_word' id='word_1_61' title='bbox 394 1012 519 1063; x_wconf 80' lang='lat' dir='ltr'>PLINIUS</span> <span class='ocrx_word' id='word_1_62' title='bbox 540 1012 698 1062; x_wconf 83' lang='lat' dir='ltr'><strong>conuunro</strong></span> <span class='ocrx_word' id='word_1_63' title='bbox 717 1011 830 1062; x_wconf 80' lang='lat' dir='ltr'><strong>narseo</strong></span> <span class='ocrx_word' id='word_1_64' title='bbox 850 1010 910 1061; x_wconf 89' lang='lat' dir='ltr'><strong>suo</strong></span> <span class='ocrx_word' id='word_1_65' title='bbox 930 1011 955 1063; x_wconf 80' lang='lat' dir='ltr'><strong>s,</strong></span> 
     </span>
    </p>
   </div>
   <div class='ocr_carea' id='block_1_4' title="bbox 104 1113 1185 2762">
    <p class='ocr_par' dir='ltr' id='par_1_5' title="bbox 107 1113 1185 1527">
     <span class='ocr_line' id='line_1_10' title="bbox 107 1113 1183 1182; baseline 0.002 -9"><span class='ocrx_word' id='word_1_66' title='bbox 107 1121 144 1173; x_wconf 83' lang='lat'><strong>10</strong></span> <span class='ocrx_word' id='word_1_67' title='bbox 213 1113 307 1174; x_wconf 83' lang='lat' dir='ltr'><strong>Audio</strong></span> <span class='ocrx_word' id='word_1_68' title='bbox 322 1114 464 1175; x_wconf 72' lang='lat' dir='ltr'><strong>Valeritn</strong></span> <span class='ocrx_word' id='word_1_69' title='bbox 479 1113 633 1176; x_wconf 81' lang='lat' dir='ltr'><strong>Martialem</strong></span> <span class='ocrx_word' id='word_1_70' title='bbox 647 1114 810 1177; x_wconf 75' lang='lat' dir='ltr'><strong>decessisse</strong></span> <span class='ocrx_word' id='word_1_71' title='bbox 823 1124 852 1175; x_wconf 93' lang='lat' dir='ltr'><strong>et</strong></span> <span class='ocrx_word' id='word_1_72' title='bbox 862 1113 983 1174; x_wconf 89' lang='lat' dir='ltr'><strong>moleste</strong></span> <span class='ocrx_word' id='word_1_73' title='bbox 995 1115 1068 1175; x_wconf 88' lang='lat' dir='ltr'><strong>fero.</strong></span> <span class='ocrx_word' id='word_1_74' title='bbox 1090 1114 1183 1182; x_wconf 81' lang='lat' dir='ltr'><strong>Eratl</strong></span> 
     </span>
     <span class='ocr_line' id='line_1_11' title="bbox 152 1198 1158 1277; baseline 0 -19"><span class='ocrx_word' id='word_1_75' title='bbox 152 1200 238 1259; x_wconf 91' lang='lat' dir='ltr'><strong>bomo</strong></span> <span class='ocrx_word' id='word_1_76' title='bbox 256 1200 421 1276; x_wconf 83' lang='lat' dir='ltr'><strong>ingeniosus</strong></span> <span class='ocrx_word' id='word_1_77' title='bbox 443 1207 542 1258; x_wconf 88' lang='lat' dir='ltr'><strong>acutus</strong></span> <span class='ocrx_word' id='word_1_78' title='bbox 564 1216 649 1275; x_wconf 87' lang='lat' dir='ltr'><strong>acer,</strong></span> <span class='ocrx_word' id='word_1_79' title='bbox 673 1207 702 1258; x_wconf 89' lang='lat' dir='ltr'><strong>et</strong></span> <span class='ocrx_word' id='word_1_80' title='bbox 724 1201 771 1277; x_wconf 94' lang='lat' dir='ltr'><strong>qni</strong></span> <span class='ocrx_word' id='word_1_81' title='bbox 789 1198 937 1277; x_wconf 91' lang='lat' dir='ltr'><strong>plurimum</strong></span> <span class='ocrx_word' id='word_1_82' title='bbox 957 1199 984 1256; x_wconf 92' lang='lat' dir='ltr'><strong>in</strong></span> <span class='ocrx_word' id='word_1_83' title='bbox 1006 1198 1158 1258; x_wconf 91' lang='lat' dir='ltr'><strong>scribendo</strong></span> 
     </span>
     <span class='ocr_line' id='line_1_12' title="bbox 152 1280 1185 1355; baseline -0.005 -11"><span class='ocrx_word' id='word_1_84' title='bbox 152 1292 183 1344; x_wconf 86' lang='lat' dir='ltr'><strong>at</strong></span> <span class='ocrx_word' id='word_1_85' title='bbox 199 1281 268 1343; x_wconf 88' lang='lat' dir='ltr'><strong>salis</strong></span> <span class='ocrx_word' id='word_1_86' title='bbox 282 1282 402 1342; x_wconf 89' lang='lat' dir='ltr'><strong>baberet</strong></span> <span class='ocrx_word' id='word_1_87' title='bbox 418 1292 448 1341; x_wconf 93' lang='lat' dir='ltr'><strong>et</strong></span> <span class='ocrx_word' id='word_1_88' title='bbox 463 1281 540 1341; x_wconf 89' lang='lat' dir='ltr'><strong>iellis</strong></span> <span class='ocrx_word' id='word_1_89' title='bbox 555 1299 610 1341; x_wconf 89' lang='lat' dir='ltr'><strong>nec</strong></span> <span class='ocrx_word' id='word_1_90' title='bbox 627 1281 758 1341; x_wconf 92' lang='lat' dir='ltr'><strong>candoris</strong></span> <span class='ocrx_word' id='word_1_91' title='bbox 772 1284 871 1343; x_wconf 89' lang='lat' dir='ltr'><strong>minus.</strong></span> <span class='ocrx_word' id='word_1_92' title='bbox 893 1280 1066 1355; x_wconf 67' lang='lat' dir='ltr'><strong>Prosecutus</strong></span> <span class='ocrx_word' id='word_1_93' title='bbox 1083 1296 1185 1346; x_wconf 75' lang='lat' dir='ltr'><strong>arama</strong></span> 
     </span>
     <span class='ocr_line' id='line_1_13' title="bbox 151 1363 1158 1441; baseline -0.004 -15"><span class='ocrx_word' id='word_1_94' title='bbox 151 1368 256 1426; x_wconf 69' lang='lat' dir='ltr'><strong>datico</strong></span> <span class='ocrx_word' id='word_1_95' title='bbox 271 1366 469 1426; x_wconf 89' lang='lat' dir='ltr'><strong>secedentem:</strong></span> <span class='ocrx_word' id='word_1_96' title='bbox 482 1365 615 1425; x_wconf 85' lang='lat' dir='ltr'><strong>dederam</strong></span> <span class='ocrx_word' id='word_1_97' title='bbox 626 1365 681 1425; x_wconf 87' lang='lat' dir='ltr'><strong>boc</strong></span> <span class='ocrx_word' id='word_1_98' title='bbox 694 1367 843 1441; x_wconf 82' lang='lat' dir='ltr'><strong>amicitiae,</strong></span> <span class='ocrx_word' id='word_1_99' title='bbox 856 1363 988 1423; x_wconf 85' lang='lat' dir='ltr'><strong>dederam</strong></span> <span class='ocrx_word' id='word_1_100' title='bbox 1001 1367 1083 1422; x_wconf 88' lang='lat' dir='ltr'><strong>etiam</strong></span> <span class='ocrx_word' id='word_1_101' title='bbox 1094 1384 1158 1423; x_wconf 88' lang='lat' dir='ltr'><strong>ver-</strong></span> 
     </span>
     <span class='ocr_line' id='line_1_14' title="bbox 151 1447 1184 1527; baseline -0.002 -17"><span class='ocrx_word' id='word_1_102' title='bbox 151 1449 252 1510; x_wconf 90' lang='lat' dir='ltr'><strong>siculis</strong></span> <span class='ocrx_word' id='word_1_103' title='bbox 273 1467 346 1527; x_wconf 91' lang='lat' dir='ltr'><strong>quos</strong></span> <span class='ocrx_word' id='word_1_104' title='bbox 362 1447 399 1508; x_wconf 86' lang='lat' dir='ltr'><strong>de</strong></span> <span class='ocrx_word' id='word_1_105' title='bbox 412 1467 458 1509; x_wconf 91' lang='lat' dir='ltr'><strong>me</strong></span> <span class='ocrx_word' id='word_1_106' title='bbox 475 1451 644 1527; x_wconf 82' lang='lat' dir='ltr'><strong>composuit.</strong></span> <span class='ocrx_word' id='word_1_107' title='bbox 675 1448 739 1508; x_wconf 84' lang='lat' dir='ltr'><strong>Fuit</strong></span> <span class='ocrx_word' id='word_1_108' title='bbox 753 1451 840 1509; x_wconf 93' lang='lat' dir='ltr'><strong>moris</strong></span> <span class='ocrx_word' id='word_1_109' title='bbox 858 1450 963 1526; x_wconf 88' lang='lat' dir='ltr'><strong>antiqui</strong></span> <span class='ocrx_word' id='word_1_110' title='bbox 979 1465 1030 1507; x_wconf 89' lang='lat' dir='ltr'><strong>eos</strong></span> <span class='ocrx_word' id='word_1_111' title='bbox 1047 1451 1094 1526; x_wconf 90' lang='lat' dir='ltr'><strong>qui</strong></span> <span class='ocrx_word' id='word_1_112' title='bbox 1110 1449 1184 1509; x_wconf 71' lang='lat' dir='ltr'><strong>vela</strong></span> 
     </span>
    </p>

    <p class='ocr_par' dir='ltr' id='par_1_6' title="bbox 106 1531 1184 1946">
     <span class='ocr_line' id='line_1_15' title="bbox 106 1531 1160 1611; baseline -0.006 -15"><span class='ocrx_word' id='word_1_113' title='bbox 106 1545 143 1596; x_wconf 78' lang='lat'><strong>15</strong></span> <span class='ocrx_word' id='word_1_114' title='bbox 153 1533 329 1611; x_wconf 85' lang='lat' dir='ltr'><strong>singulorum</strong></span> <span class='ocrx_word' id='word_1_115' title='bbox 350 1533 450 1593; x_wconf 90' lang='lat' dir='ltr'><strong>laudes</strong></span> <span class='ocrx_word' id='word_1_116' title='bbox 471 1532 518 1591; x_wconf 85' lang='lat' dir='ltr'><strong>rel</strong></span> <span class='ocrx_word' id='word_1_117' title='bbox 542 1533 651 1593; x_wconf 91' lang='lat' dir='ltr'><strong>urbium</strong></span> <span class='ocrx_word' id='word_1_118' title='bbox 674 1534 847 1611; x_wconf 87' lang='lat' dir='ltr'><strong>scripserant</strong></span> <span class='ocrx_word' id='word_1_119' title='bbox 869 1541 916 1592; x_wconf 91' lang='lat' dir='ltr'><strong>aut</strong></span> <span class='ocrx_word' id='word_1_120' title='bbox 938 1531 1092 1591; x_wconf 85' lang='lat' dir='ltr'><strong>honoribus</strong></span> <span class='ocrx_word' id='word_1_121' title='bbox 1114 1542 1160 1590; x_wconf 89' lang='lat' dir='ltr'><strong>aut</strong></span> 
     </span>
     <span class='ocr_line' id='line_1_16' title="bbox 150 1615 1159 1697; baseline -0.002 -21"><span class='ocrx_word' id='word_1_122' title='bbox 150 1619 275 1697; x_wconf 90' lang='lat' dir='ltr'><strong>pecunia</strong></span> <span class='ocrx_word' id='word_1_123' title='bbox 298 1635 414 1686; x_wconf 89' lang='lat' dir='ltr'><strong>omare;</strong></span> <span class='ocrx_word' id='word_1_124' title='bbox 436 1618 540 1677; x_wconf 89' lang='lat' dir='ltr'><strong>nostris</strong></span> <span class='ocrx_word' id='word_1_125' title='bbox 561 1635 632 1677; x_wconf 86' lang='lat' dir='ltr'><strong>vero</strong></span> <span class='ocrx_word' id='word_1_126' title='bbox 653 1616 828 1696; x_wconf 88' lang='lat' dir='ltr'><strong>temporibus</strong></span> <span class='ocrx_word' id='word_1_127' title='bbox 849 1615 953 1675; x_wconf 91' lang='lat' dir='ltr'><strong>utalia</strong></span> <span class='ocrx_word' id='word_1_128' title='bbox 975 1618 1108 1694; x_wconf 89' lang='lat' dir='ltr'><strong>speciosa</strong></span> <span class='ocrx_word' id='word_1_129' title='bbox 1130 1625 1159 1675; x_wconf 90' lang='lat' dir='ltr'><strong>et</strong></span> 
     </span>
     <span class='ocr_line' id='line_1_17' title="bbox 152 1699 1157 1780; baseline -0.004 -18"><span class='ocrx_word' id='word_1_130' title='bbox 152 1703 271 1778; x_wconf 84' lang='lat' dir='ltr'><strong>egregia</strong></span> <span class='ocrx_word' id='word_1_131' title='bbox 285 1703 322 1761; x_wconf 88' lang='lat' dir='ltr'><strong>ita</strong></span> <span class='ocrx_word' id='word_1_132' title='bbox 337 1701 392 1761; x_wconf 89' lang='lat' dir='ltr'><strong>hoo</strong></span> <span class='ocrx_word' id='word_1_133' title='bbox 408 1703 436 1761; x_wconf 93' lang='lat' dir='ltr'><strong>in</strong></span> <span class='ocrx_word' id='word_1_134' title='bbox 453 1703 550 1780; x_wconf 92' lang='lat' dir='ltr'><strong>primis</strong></span> <span class='ocrx_word' id='word_1_135' title='bbox 566 1699 699 1760; x_wconf 84' lang='lat' dir='ltr'><strong>exolevit.</strong></span> <span class='ocrx_word' id='word_1_136' title='bbox 728 1699 798 1760; x_wconf 92' lang='lat' dir='ltr'><strong>Nam</strong></span> <span class='ocrx_word' id='word_1_137' title='bbox 814 1710 964 1779; x_wconf 89' lang='lat' dir='ltr'><strong>postquam</strong></span> <span class='ocrx_word' id='word_1_138' title='bbox 979 1699 1102 1759; x_wconf 85' lang='lat' dir='ltr'><strong>desimus</strong></span> <span class='ocrx_word' id='word_1_139' title='bbox 1119 1699 1157 1758; x_wconf 89' lang='lat' dir='ltr'><strong>ia·</strong></span> 
     </span>
     <span class='ocr_line' id='line_1_18' title="bbox 151 1782 1184 1863; baseline -0.002 -19"><span class='ocrx_word' id='word_1_140' title='bbox 151 1803 221 1844; x_wconf 90' lang='lat' dir='ltr'><strong>cere</strong></span> <span class='ocrx_word' id='word_1_141' title='bbox 236 1784 388 1861; x_wconf 83' lang='lat' dir='ltr'><strong>laudanda,</strong></span> <span class='ocrx_word' id='word_1_142' title='bbox 411 1784 516 1845; x_wconf 89' lang='lat' dir='ltr'><strong>laudari</strong></span> <span class='ocrx_word' id='word_1_143' title='bbox 533 1803 647 1863; x_wconf 91' lang='lat' dir='ltr'><strong>quoque</strong></span> <span class='ocrx_word' id='word_1_144' title='bbox 663 1787 788 1863; x_wconf 91' lang='lat' dir='ltr'><strong>ineptum</strong></span> <span class='ocrx_word' id='word_1_145' title='bbox 803 1793 941 1862; x_wconf 90' lang='lat' dir='ltr'><strong>putamus.</strong></span> <span class='ocrx_word' id='word_1_146' title='bbox 974 1782 1094 1857; x_wconf 85' lang='lat' dir='ltr'><strong>Quaeris</strong></span> <span class='ocrx_word' id='word_1_147' title='bbox 1111 1787 1184 1862; x_wconf 71' lang='lat' dir='ltr'><strong>quit</strong></span> 
     </span>
     <span class='ocr_line' id='line_1_19' title="bbox 151 1865 1158 1946; baseline -0.003 -17"><span class='ocrx_word' id='word_1_148' title='bbox 151 1871 208 1929; x_wconf 85' lang='lat' dir='ltr'><strong>sint</strong></span> <span class='ocrx_word' id='word_1_149' title='bbox 224 1868 359 1928; x_wconf 88' lang='lat' dir='ltr'><strong>versiculi</strong></span> <span class='ocrx_word' id='word_1_150' title='bbox 375 1869 475 1946; x_wconf 91' lang='lat' dir='ltr'><strong>quibus</strong></span> <span class='ocrx_word' id='word_1_151' title='bbox 497 1871 613 1945; x_wconf 83' lang='lat' dir='ltr'><strong>gratiam</strong></span> <span class='ocrx_word' id='word_1_152' title='bbox 628 1865 747 1928; x_wconf 78' lang='lat' dir='ltr'><strong>rettuli?</strong></span> <span class='ocrx_word' id='word_1_153' title='bbox 774 1867 959 1929; x_wconf 89' lang='lat' dir='ltr'><strong>Remitterem</strong></span> <span class='ocrx_word' id='word_1_154' title='bbox 974 1877 1003 1927; x_wconf 92' lang='lat' dir='ltr'><strong>te</strong></span> <span class='ocrx_word' id='word_1_155' title='bbox 1018 1870 1158 1946; x_wconf 85' lang='lat' dir='ltr'><strong>adipsum</strong></span> 
     </span>
    </p>

    <p class='ocr_par' dir='ltr' id='par_1_7' title="bbox 104 1951 1185 2196">
     <span class='ocr_line' id='line_1_20' title="bbox 104 1951 1157 2030; baseline 0.001 -21"><span class='ocrx_word' id='word_1_156' title='bbox 104 1952 296 2027; x_wconf 76' lang='lat' dir='ltr'><strong>20volnmen,</strong></span> <span class='ocrx_word' id='word_1_157' title='bbox 308 1954 362 2011; x_wconf 92' lang='lat' dir='ltr'><strong>nisi</strong></span> <span class='ocrx_word' id='word_1_158' title='bbox 374 1951 512 2030; x_wconf 87' lang='lat' dir='ltr'><strong>quosdam</strong></span> <span class='ocrx_word' id='word_1_159' title='bbox 523 1960 662 2011; x_wconf 90' lang='lat' dir='ltr'><strong>tenerem:</strong></span> <span class='ocrx_word' id='word_1_160' title='bbox 678 1960 719 2026; x_wconf 84' lang='lat' dir='ltr'><strong>tu,</strong></span> <span class='ocrx_word' id='word_1_161' title='bbox 737 1953 761 2010; x_wconf 90' lang='lat' dir='ltr'><strong>si</strong></span> <span class='ocrx_word' id='word_1_162' title='bbox 775 1952 933 2030; x_wconf 90' lang='lat' dir='ltr'><strong>placuerint</strong></span> <span class='ocrx_word' id='word_1_163' title='bbox 945 1952 984 2026; x_wconf 86' lang='lat' dir='ltr'><strong>bi,</strong></span> <span class='ocrx_word' id='word_1_164' title='bbox 993 1962 1114 2011; x_wconf 86' lang='lat' dir='ltr'><strong>ceteros</strong></span> <span class='ocrx_word' id='word_1_165' title='bbox 1131 1955 1157 2012; x_wconf 93' lang='lat' dir='ltr'><strong>in</strong></span> 
     </span>
     <span class='ocr_line' id='line_1_21' title="bbox 151 2033 1185 2112; baseline -0.001 -17"><span class='ocrx_word' id='word_1_166' title='bbox 151 2036 226 2095; x_wconf 93' lang='lat' dir='ltr'><strong>libro</strong></span> <span class='ocrx_word' id='word_1_167' title='bbox 242 2037 383 2112; x_wconf 90' lang='lat' dir='ltr'><strong>requires.</strong></span> <span class='ocrx_word' id='word_1_168' title='bbox 415 2034 584 2110; x_wconf 80' lang='lat' dir='ltr'><strong>Adloquitur</strong></span> <span class='ocrx_word' id='word_1_169' title='bbox 603 2033 727 2110; x_wconf 77' lang='lat' dir='ltr'><strong>illusam,</strong></span> <span class='ocrx_word' id='word_1_170' title='bbox 751 2035 864 2094; x_wconf 88' lang='lat' dir='ltr'><strong>mandat</strong></span> <span class='ocrx_word' id='word_1_171' title='bbox 883 2044 914 2093; x_wconf 90' lang='lat' dir='ltr'><strong>ut</strong></span> <span class='ocrx_word' id='word_1_172' title='bbox 936 2035 1047 2094; x_wconf 89' lang='lat' dir='ltr'><strong>domum</strong></span> <span class='ocrx_word' id='word_1_173' title='bbox 1068 2044 1185 2094; x_wconf 71' lang='lat' dir='ltr'><strong>meamb</strong></span> 
     </span>
     <span class='ocr_line' id='line_1_22' title="bbox 150 2116 715 2196; baseline -0.007 -18"><span class='ocrx_word' id='word_1_174' title='bbox 150 2116 280 2196; x_wconf 87' lang='lat' dir='ltr'><strong>Esquilis</strong></span> <span class='ocrx_word' id='word_1_175' title='bbox 296 2126 423 2195; x_wconf 87' lang='lat' dir='ltr'><strong>quaerat,</strong></span> <span class='ocrx_word' id='word_1_176' title='bbox 440 2116 522 2174; x_wconf 88' lang='lat' dir='ltr'><strong>adeat</strong></span> <span class='ocrx_word' id='word_1_177' title='bbox 537 2125 715 2175; x_wconf 84' lang='lat' dir='ltr'><strong>reverenter:</strong></span> 
     </span>
    </p>

    <p class='ocr_par' dir='ltr' id='par_1_8' title="bbox 309 2197 841 2362">
     <span class='ocr_line' id='line_1_23' title="bbox 309 2197 841 2274; baseline -0.002 -16"><span class='ocrx_word' id='word_1_178' title='bbox 309 2197 360 2258; x_wconf 89' lang='lat' dir='ltr'><strong>sed</strong></span> <span class='ocrx_word' id='word_1_179' title='bbox 374 2217 410 2257; x_wconf 91' lang='lat' dir='ltr'><strong>ne</strong></span> <span class='ocrx_word' id='word_1_180' title='bbox 427 2207 557 2274; x_wconf 88' lang='lat' dir='ltr'><strong>tempore</strong></span> <span class='ocrx_word' id='word_1_181' title='bbox 572 2214 628 2256; x_wconf 91' lang='lat' dir='ltr'><strong>non</strong></span> <span class='ocrx_word' id='word_1_182' title='bbox 643 2208 692 2258; x_wconf 91' lang='lat' dir='ltr'><strong>tuo</strong></span> <span class='ocrx_word' id='word_1_183' title='bbox 709 2197 841 2257; x_wconf 87' lang='lat' dir='ltr'><strong>disertam</strong></span> 
     </span>
     <span class='ocr_line' id='line_1_24' title="bbox 309 2280 751 2362; baseline -0.005 -21"><span class='ocrx_word' id='word_1_184' title='bbox 309 2283 408 2362; x_wconf 91' lang='lat' dir='ltr'><strong>pulses</strong></span> <span class='ocrx_word' id='word_1_185' title='bbox 425 2283 502 2342; x_wconf 89' lang='lat' dir='ltr'><strong>ebria</strong></span> <span class='ocrx_word' id='word_1_186' title='bbox 517 2284 625 2341; x_wconf 89' lang='lat' dir='ltr'><strong>ianuam</strong></span> <span class='ocrx_word' id='word_1_187' title='bbox 639 2280 751 2340; x_wconf 88' lang='lat' dir='ltr'><strong>videto:</strong></span> 
     </span>
    </p>

    <p class='ocr_par' dir='ltr' id='par_1_9' title="bbox 106 2363 889 2762">
     <span class='ocr_line' id='line_1_25' title="bbox 106 2363 823 2441; baseline -0.006 -14"><span class='ocrx_word' id='word_1_188' title='bbox 106 2383 142 2434; x_wconf 80' lang='lat'><strong>25</strong></span> <span class='ocrx_word' id='word_1_189' title='bbox 305 2376 381 2427; x_wconf 91' lang='lat' dir='ltr'><strong>totos</strong></span> <span class='ocrx_word' id='word_1_190' title='bbox 396 2366 443 2425; x_wconf 90' lang='lat' dir='ltr'><strong>dat</strong></span> <span class='ocrx_word' id='word_1_191' title='bbox 457 2367 575 2425; x_wconf 86' lang='lat' dir='ltr'><strong>tetricae</strong></span> <span class='ocrx_word' id='word_1_192' title='bbox 591 2364 652 2425; x_wconf 91' lang='lat' dir='ltr'><strong>dies</strong></span> <span class='ocrx_word' id='word_1_193' title='bbox 668 2363 823 2441; x_wconf 78' lang='lat' dir='ltr'><strong>Minervae,</strong></span> 
     </span>
     <span class='ocr_line' id='line_1_26' title="bbox 307 2449 875 2511; baseline -0.005 -1"><span class='ocrx_word' id='word_1_194' title='bbox 307 2451 372 2510; x_wconf 93' lang='lat' dir='ltr'><strong>dum</strong></span> <span class='ocrx_word' id='word_1_195' title='bbox 387 2459 498 2511; x_wconf 93' lang='lat' dir='ltr'><strong>centum</strong></span> <span class='ocrx_word' id='word_1_196' title='bbox 513 2449 608 2509; x_wconf 87' lang='lat' dir='ltr'><strong>studet</strong></span> <span class='ocrx_word' id='word_1_197' title='bbox 623 2450 736 2509; x_wconf 91' lang='lat' dir='ltr'><strong>auribus</strong></span> <span class='ocrx_word' id='word_1_198' title='bbox 752 2450 875 2508; x_wconf 83' lang='lat' dir='ltr'><strong>virorum</strong></span> 
     </span>
     <span class='ocr_line' id='line_1_27' title="bbox 305 2533 889 2612; baseline -0.005 -18"><span class='ocrx_word' id='word_1_199' title='bbox 305 2536 361 2594; x_wconf 88' lang='lat' dir='ltr'><strong>boc</strong></span> <span class='ocrx_word' id='word_1_200' title='bbox 377 2533 453 2612; x_wconf 92' lang='lat' dir='ltr'><strong>qnod</strong></span> <span class='ocrx_word' id='word_1_201' title='bbox 468 2533 582 2594; x_wconf 86' lang='lat' dir='ltr'><strong>saecula</strong></span> <span class='ocrx_word' id='word_1_202' title='bbox 599 2535 763 2612; x_wconf 89' lang='lat' dir='ltr'><strong>posterique</strong></span> <span class='ocrx_word' id='word_1_203' title='bbox 779 2535 889 2612; x_wconf 91' lang='lat' dir='ltr'><strong>possint</strong></span> 
     </span>
     <span class='ocr_line' id='line_1_28' title="bbox 306 2617 863 2697; baseline -0.002 -20"><span class='ocrx_word' id='word_1_204' title='bbox 306 2618 421 2696; x_wconf 80' lang='lat' dir='ltr'><strong>Arpinis</strong></span> <span class='ocrx_word' id='word_1_205' title='bbox 438 2636 553 2697; x_wconf 91' lang='lat' dir='ltr'><strong>quoque</strong></span> <span class='ocrx_word' id='word_1_206' title='bbox 569 2635 734 2695; x_wconf 88' lang='lat' dir='ltr'><strong>comparare</strong></span> <span class='ocrx_word' id='word_1_207' title='bbox 751 2617 863 2677; x_wconf 89' lang='lat' dir='ltr'><strong>chartis.</strong></span> 
     </span>
     <span class='ocr_line' id='line_1_29' title="bbox 307 2700 768 2762; baseline -0.002 -1"><span class='ocrx_word' id='word_1_208' title='bbox 307 2720 386 2762; x_wconf 90' lang='lat' dir='ltr'><strong>seras</strong></span> <span class='ocrx_word' id='word_1_209' title='bbox 401 2703 492 2760; x_wconf 86' lang='lat' dir='ltr'><strong>tutior</strong></span> <span class='ocrx_word' id='word_1_210' title='bbox 500 2702 555 2760; x_wconf 92' lang='lat' dir='ltr'><strong>ibis</strong></span> <span class='ocrx_word' id='word_1_211' title='bbox 572 2700 607 2760; x_wconf 87' lang='lat' dir='ltr'><strong>ad</strong></span> <span class='ocrx_word' id='word_1_212' title='bbox 622 2702 768 2761; x_wconf 87' lang='lat' dir='ltr'><strong>lucernas:</strong></span> 
     </span>
    </p>
   </div>
   <div class='ocr_carea' id='block_1_5' title="bbox 107 2783 1183 3282">
    <p class='ocr_par' dir='ltr' id='par_1_10' title="bbox 107 2783 1183 3282">
     <span class='ocr_line' id='line_1_30' title="bbox 107 2783 902 2862; baseline -0.005 -16"><span class='ocrx_word' id='word_1_213' title='bbox 107 2802 144 2855; x_wconf 80' lang='lat'><strong>30</strong></span> <span class='ocrx_word' id='word_1_214' title='bbox 305 2786 377 2845; x_wconf 89' lang='lat' dir='ltr'><strong>haec</strong></span> <span class='ocrx_word' id='word_1_215' title='bbox 392 2784 462 2844; x_wconf 89' lang='lat' dir='ltr'><strong>bora</strong></span> <span class='ocrx_word' id='word_1_216' title='bbox 478 2793 522 2842; x_wconf 92' lang='lat' dir='ltr'><strong>est</strong></span> <span class='ocrx_word' id='word_1_217' title='bbox 536 2793 598 2862; x_wconf 81' lang='lat' dir='ltr'><strong>tua,</strong></span> <span class='ocrx_word' id='word_1_218' title='bbox 616 2803 679 2843; x_wconf 92' lang='lat' dir='ltr'><strong>cum</strong></span> <span class='ocrx_word' id='word_1_219' title='bbox 695 2786 762 2843; x_wconf 85' lang='lat' dir='ltr'><strong>furit</strong></span> <span class='ocrx_word' id='word_1_220' title='bbox 775 2783 902 2859; x_wconf 71' lang='lat' dir='ltr'><strong>Lyaeus,</strong></span> 
     </span>
     <span class='ocr_line' id='line_1_31' title="bbox 306 2867 910 2947; baseline -0.005 -19"><span class='ocrx_word' id='word_1_221' title='bbox 306 2888 369 2928; x_wconf 91' lang='lat' dir='ltr'><strong>curn</strong></span> <span class='ocrx_word' id='word_1_222' title='bbox 383 2877 485 2944; x_wconf 80' lang='lat' dir='ltr'><strong>regnat</strong></span> <span class='ocrx_word' id='word_1_223' title='bbox 498 2885 580 2942; x_wconf 83' lang='lat' dir='ltr'><strong>rosa,</strong></span> <span class='ocrx_word' id='word_1_224' title='bbox 597 2886 660 2926; x_wconf 93' lang='lat' dir='ltr'><strong>cum</strong></span> <span class='ocrx_word' id='word_1_225' title='bbox 675 2867 787 2928; x_wconf 89' lang='lat' dir='ltr'><strong>madent</strong></span> <span class='ocrx_word' id='word_1_226' title='bbox 802 2867 910 2947; x_wconf 89' lang='lat' dir='ltr'><strong>capilli:</strong></span> 
     </span>
     <span class='ocr_line' id='line_1_32' title="bbox 304 2950 849 3028; baseline -0.002 -17"><span class='ocrx_word' id='word_1_227' title='bbox 304 2961 371 3011; x_wconf 93' lang='lat' dir='ltr'><strong>tunc</strong></span> <span class='ocrx_word' id='word_1_228' title='bbox 385 2970 432 3010; x_wconf 90' lang='lat' dir='ltr'><strong>me</strong></span> <span class='ocrx_word' id='word_1_229' title='bbox 447 2950 494 3010; x_wconf 86' lang='lat' dir='ltr'><strong>vel</strong></span> <span class='ocrx_word' id='word_1_230' title='bbox 509 2951 592 3027; x_wconf 81' lang='lat' dir='ltr'><strong>rigidi</strong></span> <span class='ocrx_word' id='word_1_231' title='bbox 607 2950 702 3028; x_wconf 79' lang='lat' dir='ltr'><strong>legant</strong></span> <span class='ocrx_word' id='word_1_232' title='bbox 717 2950 849 3012; x_wconf 82' lang='lat' dir='ltr'><strong>Catones.</strong></span> 
     </span>
     <span class='ocr_line' id='line_1_33' title="bbox 151 3033 1183 3115; baseline -0.001 -19"><span class='ocrx_word' id='word_1_233' title='bbox 151 3036 292 3097; x_wconf 87' lang='lat' dir='ltr'><strong>Meritone</strong></span> <span class='ocrx_word' id='word_1_234' title='bbox 307 3054 370 3095; x_wconf 88' lang='lat' dir='ltr'><strong>eum</strong></span> <span class='ocrx_word' id='word_1_235' title='bbox 387 3036 434 3113; x_wconf 94' lang='lat' dir='ltr'><strong>qui</strong></span> <span class='ocrx_word' id='word_1_236' title='bbox 449 3035 520 3094; x_wconf 85' lang='lat' dir='ltr'><strong>lraec</strong></span> <span class='ocrx_word' id='word_1_237' title='bbox 536 3033 571 3092; x_wconf 90' lang='lat' dir='ltr'><strong>de</strong></span> <span class='ocrx_word' id='word_1_238' title='bbox 584 3051 629 3093; x_wconf 93' lang='lat' dir='ltr'><strong>me</strong></span> <span class='ocrx_word' id='word_1_239' title='bbox 642 3037 755 3115; x_wconf 92' lang='lat' dir='ltr'><strong>scripsit</strong></span> <span class='ocrx_word' id='word_1_240' title='bbox 769 3045 797 3094; x_wconf 88' lang='lat' dir='ltr'><strong>et</strong></span> <span class='ocrx_word' id='word_1_241' title='bbox 809 3044 875 3094; x_wconf 92' lang='lat' dir='ltr'><strong>tunc</strong></span> <span class='ocrx_word' id='word_1_242' title='bbox 888 3035 979 3095; x_wconf 91' lang='lat' dir='ltr'><strong>dimisi</strong></span> <span class='ocrx_word' id='word_1_243' title='bbox 989 3035 1183 3095; x_wconf 77' lang='lat' dir='ltr'><strong>amicissimeo</strong></span> 
     </span>
     <span class='ocr_line' id='line_1_34' title="bbox 154 3115 1158 3180; baseline -0.008 0"><span class='ocrx_word' id='word_1_244' title='bbox 154 3131 183 3180; x_wconf 93' lang='lat' dir='ltr'><strong>et</strong></span> <span class='ocrx_word' id='word_1_245' title='bbox 203 3137 278 3180; x_wconf 91' lang='lat' dir='ltr'><strong>nunc</strong></span> <span class='ocrx_word' id='word_1_246' title='bbox 298 3129 329 3179; x_wconf 93' lang='lat' dir='ltr'><strong>ut</strong></span> <span class='ocrx_word' id='word_1_247' title='bbox 351 3120 549 3178; x_wconf 89' lang='lat' dir='ltr'><strong>amicissimum</strong></span> <span class='ocrx_word' id='word_1_248' title='bbox 571 3116 733 3179; x_wconf 91' lang='lat' dir='ltr'><strong>deiunctum</strong></span> <span class='ocrx_word' id='word_1_249' title='bbox 754 3137 820 3178; x_wconf 88' lang='lat' dir='ltr'><strong>esse</strong></span> <span class='ocrx_word' id='word_1_250' title='bbox 842 3115 950 3177; x_wconf 79' lang='lat' dir='ltr'><strong>doleo?</strong></span> <span class='ocrx_word' id='word_1_251' title='bbox 975 3116 1062 3176; x_wconf 91' lang='lat' dir='ltr'><strong>Dedit</strong></span> <span class='ocrx_word' id='word_1_252' title='bbox 1083 3118 1158 3174; x_wconf 91' lang='lat' dir='ltr'><strong>enim</strong></span> 
     </span>
     <span class='ocr_line' id='line_1_35' title="bbox 108 3201 1156 3282; baseline -0.004 -18"><span class='ocrx_word' id='word_1_253' title='bbox 108 3216 143 3270; x_wconf 75' lang='lat'><strong>35</strong></span> <span class='ocrx_word' id='word_1_254' title='bbox 153 3204 220 3264; x_wconf 92' lang='lat' dir='ltr'><strong>mibi</strong></span> <span class='ocrx_word' id='word_1_255' title='bbox 236 3211 369 3282; x_wconf 90' lang='lat' dir='ltr'><strong>quantum</strong></span> <span class='ocrx_word' id='word_1_256' title='bbox 384 3204 531 3261; x_wconf 83' lang='lat' dir='ltr'><strong>maximum</strong></span> <span class='ocrx_word' id='word_1_257' title='bbox 545 3203 651 3280; x_wconf 76' lang='lat' dir='ltr'><strong>potuit,</strong></span> <span class='ocrx_word' id='word_1_258' title='bbox 675 3202 788 3263; x_wconf 91' lang='lat' dir='ltr'><strong>daturus</strong></span> <span class='ocrx_word' id='word_1_259' title='bbox 807 3201 944 3281; x_wconf 90' lang='lat' dir='ltr'><strong>amplius,</strong></span> <span class='ocrx_word' id='word_1_260' title='bbox 968 3201 993 3258; x_wconf 91' lang='lat' dir='ltr'><strong>si</strong></span> <span class='ocrx_word' id='word_1_261' title='bbox 1007 3202 1156 3277; x_wconf 89' lang='lat' dir='ltr'><strong>potuisset.</strong></span> 
     </span>
    </p>
   </div>
   <div class='ocr_carea' id='block_1_6' title="bbox 152 3280 1159 3596">
    <p class='ocr_par' dir='ltr' id='par_1_11' title="bbox 152 3280 1159 3595">
     <span class='ocr_line' id='line_1_36' title="bbox 153 3280 1159 3364; baseline -0.009 -16"><span class='ocrx_word' id='word_1_262' title='bbox 153 3288 278 3348; x_wconf 77' lang='lat' dir='ltr'><strong>Tametsi</strong></span> <span class='ocrx_word' id='word_1_263' title='bbox 339 3286 367 3345; x_wconf 93' lang='lat' dir='ltr'><strong>id</strong></span> <span class='ocrx_word' id='word_1_264' title='bbox 382 3286 486 3345; x_wconf 89' lang='lat' dir='ltr'><strong>bomini</strong></span> <span class='ocrx_word' id='word_1_265' title='bbox 501 3294 597 3364; x_wconf 87' lang='lat' dir='ltr'><strong>potest</strong></span> <span class='ocrx_word' id='word_1_266' title='bbox 616 3285 675 3346; x_wconf 87' lang='lat' dir='ltr'><strong>dari</strong></span> <span class='ocrx_word' id='word_1_267' title='bbox 694 3288 782 3347; x_wconf 90' lang='lat' dir='ltr'><strong>maius</strong></span> <span class='ocrx_word' id='word_1_268' title='bbox 806 3304 887 3362; x_wconf 90' lang='lat' dir='ltr'><strong>quam</strong></span> <span class='ocrx_word' id='word_1_269' title='bbox 905 3283 995 3361; x_wconf 85' lang='lat' dir='ltr'><strong>gloria</strong></span> <span class='ocrx_word' id='word_1_270' title='bbox 1011 3291 1040 3340; x_wconf 90' lang='lat' dir='ltr'><strong>et</strong></span> <span class='ocrx_word' id='word_1_271' title='bbox 1054 3280 1115 3340; x_wconf 88' lang='lat' dir='ltr'><strong>laus</strong></span> <span class='ocrx_word' id='word_1_272' title='bbox 1131 3289 1159 3340; x_wconf 92' lang='lat' dir='ltr'><strong>et</strong></span> 
     </span>
     <span class='ocr_line' id='line_1_37' title="bbox 152 3305 1159 3447; baseline -0.006 -15"><span class='ocrx_word' id='word_1_273' title='bbox 152 3305 337 3432; x_wconf 50' lang='lat' dir='ltr'><strong>aeternitasd¹</strong></span> <span class='ocrx_word' id='word_1_274' title='bbox 346 3369 392 3429; x_wconf 80' lang='lat' dir='ltr'><strong>Ad</strong></span> <span class='ocrx_word' id='word_1_275' title='bbox 406 3387 462 3429; x_wconf 93' lang='lat' dir='ltr'><strong>non</strong></span> <span class='ocrx_word' id='word_1_276' title='bbox 478 3379 559 3428; x_wconf 91' lang='lat' dir='ltr'><strong>erunt</strong></span> <span class='ocrx_word' id='word_1_277' title='bbox 573 3379 686 3430; x_wconf 88' lang='lat' dir='ltr'><strong>aeterna</strong></span> <span class='ocrx_word' id='word_1_278' title='bbox 703 3387 776 3447; x_wconf 87' lang='lat' dir='ltr'><strong>quae</strong></span> <span class='ocrx_word' id='word_1_279' title='bbox 792 3369 920 3446; x_wconf 90' lang='lat' dir='ltr'><strong>scripsit:</strong></span> <span class='ocrx_word' id='word_1_280' title='bbox 934 3384 991 3425; x_wconf 93' lang='lat' dir='ltr'><strong>non</strong></span> <span class='ocrx_word' id='word_1_281' title='bbox 1008 3375 1088 3426; x_wconf 91' lang='lat' dir='ltr'><strong>erunt</strong></span> <span class='ocrx_word' id='word_1_282' title='bbox 1102 3366 1159 3426; x_wconf 85' lang='lat' dir='ltr'><strong>ior-</strong></span> 
     </span>
     <span class='ocr_line' id='line_1_38' title="bbox 153 3449 1045 3595; baseline -0.007 -79"><span class='ocrx_word' id='word_1_283' title='bbox 153 3465 242 3531; x_wconf 83' lang='lat' dir='ltr'><strong>tasse‚</strong></span> <span class='ocrx_word' id='word_1_284' title='bbox 259 3453 308 3513; x_wconf 93' lang='lat' dir='ltr'><strong>ille</strong></span> <span class='ocrx_word' id='word_1_285' title='bbox 324 3463 417 3514; x_wconf 90' lang='lat' dir='ltr'><strong>tamen</strong></span> <span class='ocrx_word' id='word_1_286' title='bbox 433 3454 550 3531; x_wconf 92' lang='lat' dir='ltr'><strong>scripsit</strong></span> <span class='ocrx_word' id='word_1_287' title='bbox 563 3461 701 3532; x_wconf 90' lang='lat' dir='ltr'><strong>tamquam</strong></span> <span class='ocrx_word' id='word_1_288' title='bbox 717 3460 816 3512; x_wconf 91' lang='lat' dir='ltr'><strong>essent</strong></span> <span class='ocrx_word' id='word_1_289' title='bbox 831 3451 932 3514; x_wconf 86' lang='lat' dir='ltr'><strong>futura.</strong></span> <span class='ocrx_word' id='word_1_290' title='bbox 964 3449 1045 3595; x_wconf 55' lang='lat' dir='ltr'><strong>igale.</strong></span> 
     </span>
    </p>

    <p class='ocr_par' dir='ltr' id='par_1_12' title="bbox 194 3542 330 3596">
     <span class='ocr_line' id='line_1_39' title="bbox 194 3542 330 3596; baseline -0.007 0"><span class='ocrx_word' id='word_1_291' title='bbox 194 3544 267 3596; x_wconf 81' lang='lat' dir='ltr'><strong>Purur</strong></span> <span class='ocrx_word' id='word_1_292' title='bbox 281 3542 330 3596; x_wconf 78' lang='lat' dir='ltr'><strong>En.</strong></span> 
     </span>
    </p>
   </div>
   <div class='ocr_carea' id='block_1_7' title="bbox 0 0 1301 4116">
    <p class='ocr_par' dir='ltr' id='par_1_13' title="bbox 0 0 1301 4116">
     <span class='ocr_line' id='line_1_40' title="bbox 0 0 1301 4116; baseline 0 0"><span class='ocrx_word' id='word_1_293' title='bbox 0 0 1301 4116; x_wconf 95' lang='lat' dir='ltr'><strong> </strong></span> 
     </span>
    </p>
   </div>
  </div>
 </body>
</html>
