2588 4116
629 208 661 269 C.
684 207 781 267 PLlNl

429 393 462 474 o.
492 391 600 472 rum
629 391 785 472 ornem
813 387 987 470 suouuor

328 553 357 663 l
400 556 429 663 Ρ
474 554 492 662 l
535 554 558 662 l
604 554 633 662 l
674 553 709 665 U
751 554 777 662 l
820 554 853 661 l
894 553 929 662 u
969 549 1084 663 llll

561 742 658 797 LIBER
681 741 851 809 QUARTUS.

382 998 409 1049 C.
429 999 554 1050 PLINIUS
569 1000 695 1050 FABATO
714 996 902 1048 PROSOCERO
920 997 979 1048 SUO
999 997 1025 1047 S.
1217 1006 1234 1057 5
1290 840 1293 1017 l

177 1114 193 1165 1
267 1098 356 1177 Cupis
373 1110 440 1178 post
454 1101 571 1179 longum
583 1111 695 1181 tempus
709 1108 824 1178 neptem
834 1108 1022 1177 tuameeque
1034 1117 1088 1158 une
1098 1098 1208 1164 videre.

206 1183 317 1243 Gratum
332 1194 377 1243 est
398 1188 509 1263 utrique
529 1195 656 1246 nostrum
676 1184 753 1264 quod
774 1184 871 1262 cupis;
891 1193 987 1243 mutuo
1007 1202 1053 1242 me
1073 1181 1209 1244 Hercule.

179 1268 275 1332 2Nam
290 1269 412 1328 invicem
426 1287 479 1329 nos
495 1270 655 1330 incredibili
671 1268 792 1347 quodam
807 1265 949 1328 desiderio
964 1269 1053 1326 vestri
1069 1276 1208 1345 tenemur,

206 1353 283 1431 quod
302 1368 359 1411 non
379 1353 450 1413 ultra
474 1353 652 1423 differemus;
683 1362 768 1432 atque
783 1351 856 1411 adeo
871 1352 925 1411 iam
940 1351 1095 1411 sarcinulas
1110 1351 1209 1429 alliga·

182 1446 268 1500 3mus
284 1436 449 1514 festinaturi,
466 1448 596 1516 quantum
613 1439 720 1499 itineris
735 1438 805 1497 ratio
822 1437 991 1513 permiserit.
1014 1435 1075 1495 Erit
1088 1453 1142 1495 una
1156 1434 1208 1496 sed
1218 1455 1251 1508 10

205 1522 302 1580 brevis
316 1537 408 1580 mora:
432 1521 617 1581 deflectemus
632 1524 660 1580 in
675 1519 803 1596 Tuscos,
819 1536 875 1578 non
890 1529 921 1579 ut
934 1537 1019 1596 agros
1035 1537 1153 1598 remque
1168 1520 1207 1579 ia·

205 1605 341 1663 miliarem
356 1603 448 1662 oculis
470 1605 640 1665 subiciamus
663 1603 705 1682 (id
723 1605 796 1662 enim
812 1605 946 1682 postponi
960 1606 1088 1683 potest),
1112 1602 1164 1663 sed
1178 1612 1209 1662 ut

180 1687 355 1762 liungamur
367 1689 532 1746 necessario
548 1689 656 1748 officio.
691 1686 832 1766 Oppidum
848 1697 893 1746 est
908 1688 1030 1765 praediis
1046 1690 1150 1747 nostris
1166 1689 1208 1745 ri·

206 1773 308 1845 einum,
325 1786 428 1829 nomen
445 1770 550 1830 Tilemi
565 1770 707 1848 Tiberini,
729 1770 806 1850 quod
820 1790 866 1830 me
880 1787 972 1848 paene
985 1770 1075 1831 adhuc
1090 1789 1208 1849 puerum

204 1862 351 1932 patronum
366 1857 520 1933 cooptavit,
536 1864 613 1916 tanto
629 1858 735 1915 maiore
752 1855 845 1916 studio
858 1864 960 1933 quanto
971 1857 1078 1914 minore
1090 1853 1203 1914 iudicio.
1217 1868 1249 1920 15

205 1936 351 1996 Adventus
372 1956 452 1998 meos
478 1939 622 2016 celebrat,
650 1939 877 2019 profectionibus
899 1941 1025 2016 angitur,
1051 1939 1208 1999 honoribus

182 2020 322 2098 ogaudet.
346 2021 378 2082 ln
391 2023 448 2082 boo
463 2041 535 2101 ego,
558 2034 589 2084 nt
603 2024 742 2084 reierrem
756 2024 873 2102 gratiam
889 2023 967 2101 (nam
980 2024 1054 2082 vinci
1070 2025 1098 2080 in
1113 2040 1208 2083 amore

206 2107 396 2184 turpissimum
414 2109 491 2187 est),
512 2111 648 2189 templum
662 2111 784 2189 pecunia
798 2125 861 2167 mea
876 2110 1017 2182 exstruxi,
1035 2109 1115 2167 euius
1130 2105 1209 2166 dedi·

207 2192 361 2268 cationem,
387 2208 450 2250 cum
472 2195 508 2253 sit
523 2205 666 2272 paratum,
689 2193 802 2252 differre
817 2191 929 2267 longius
944 2191 1138 2268 inreligiosum
1154 2200 1208 2251 est.

182 2273 318 2340 6Erimns
339 2293 410 2354 ergo
432 2276 470 2335 ibi
487 2276 672 2338 dedicationis
694 2270 754 2350 die,
777 2291 860 2350 quem
875 2272 960 2349 epulo
977 2273 1124 2334 celebrare
1141 2290 1251 2344 con-20

207 2361 293 2418 stitui.
316 2360 507 2420 Subsistemus
522 2360 643 2420 fortasse
659 2366 689 2416 et
704 2356 853 2434 sequenti,
869 2353 920 2411 sed
936 2362 1013 2412 tanto
1028 2358 1118 2430 magis
1133 2359 1209 2418 viam

183 2445 296 2520 lipsam
308 2444 503 2520 corripiemus.
527 2439 679 2515 Contingat
689 2437 772 2496 modo
784 2444 813 2493 te
824 2433 965 2512 filiamque
976 2444 1051 2495 tuam
1062 2436 1153 2495 fortes
1165 2442 1207 2498 in-

204 2525 317 2663 repire!
338 2542 400 2584 nam
421 2525 566 2598 continget
586 2522 707 2595 hilares,
729 2520 753 2578 si
773 2534 825 2577 nos
846 2517 1003 2578 incolumes
1024 2522 1205 2598 receperitis.

204 2607 246 2664 Va
260 2624 285 2664 e.

684 2734 719 2794 Η.
1215 2711 1250 2764 25

418 2835 444 2885 G.
463 2835 586 2887 PLINIUS
603 2836 697 2888 ATTIO
715 2835 875 2887 ctumurtut
892 2834 951 2888 SUO
970 2835 996 2887 S.

178 2953 192 3005 1
265 2937 393 3017 Regulus
412 2939 497 2998 lilium
512 2941 613 3017 amisit,
628 2940 685 3000 hoc
696 2958 752 3002 nno
767 2939 840 3000 malo
855 2939 996 3018 indignus,
1014 2939 1091 3018 quod
1105 2942 1205 3001 nescio

204 3045 238 3086 an
252 3024 353 3085 malum
368 3033 457 3103 putet.
489 3022 558 3084 Erat
579 3042 652 3103 puer
665 3026 740 3085 acris
754 3025 860 3102 ingenii
875 3024 927 3084 sed
942 3023 1080 3102 ambigui,
1103 3025 1151 3103 qui
1166 3033 1206 3084 ta·

180 3123 269 3174 tmen
285 3116 385 3189 posset
398 3117 477 3169 recta
497 3111 612 3186 sectari,
629 3111 654 3170 si
669 3118 778 3189 patrem
792 3125 848 3169 non
861 3108 993 3168 referret.
1012 3107 1093 3167 llunc
1107 3106 1249 3186 Regu-30

204 3195 249 3255 lus
274 3194 475 3274 emancipavit,
497 3202 528 3253 ut
548 3193 634 3254 heres
653 3195 748 3254 matris
768 3194 916 3261 existerem
943 3195 1130 3270 mancipatum
1152 3193 1206 3272 (ita

204 3281 291 3357 vulgo
314 3297 350 3338 ex
371 3278 496 3340 moribus
515 3278 635 3338 hominis
656 3275 858 3356 loquebantur)
873 3275 959 3336 foeda
980 3282 1010 3335 et
1028 3274 1140 3336 insolita
1156 3293 1205 3354 pa·

204 3364 330 3423 rentibus
352 3363 543 3440 indulgentiae
565 3360 741 3422 simulatione
768 3361 906 3440 captabat.
942 3358 1127 3435 Incredibile,
1155 3358 1206 3418 sed

178 3446 345 3524 3llcgulum
368 3449 471 3524 cogita.
503 3447 644 3506 Amissum
656 3455 749 3506 tamen
764 3443 844 3522 luget
856 3446 964 3505 insane.
992 3441 1121 3503 Habebat
1134 3460 1206 3522 puer

67 3730 190 3816 ’ἱ
