2588 4116
299 220 563 285 EPISTULARUM
583 223 630 283 Vl.
654 234 699 288 at.
713 235 755 288 ιθ.
771 235 815 290 ιιι.
1005 227 1065 290 127

58 373 201 451 nuntiavi,
218 374 242 433 si
257 391 356 434 rursus
371 383 427 435 tam
442 375 529 435 multa
544 374 720 453 attulissent,
738 378 829 437 omnia
843 376 994 440 relaturos.
1015 379 1093 447 iti-o

59 476 110 519 ces
131 465 268 536 oportere
289 460 402 518 metuis
423 459 510 518 rebus
529 467 560 518 ut
580 461 651 521 meis
673 461 728 521 uti:
753 463 849 530 etiam;
875 460 927 523 sed
947 464 1065 543 perinde

57 542 115 604 illis
130 560 165 602 ao
179 545 251 603 meis
267 560 364 622 parco.
399 541 480 601 Vale.

485 674 629 736 XXVllll.

310 774 337 828 (l.
357 773 484 826 PLlh'lUS
504 774 679 835 QUADRATO
698 773 758 826 SUO
779 775 805 825 S.

118 877 236 936 Avidius
259 875 396 956 Quietus,
419 881 467 958 qui
488 897 533 938 me
554 879 638 939 unice
654 878 766 954 dilexit,
783 888 812 938 et
832 882 1085 958 quononminus1

57 959 182 1039 gaudeo,
198 961 340 1039 probavit,
356 972 386 1021 ut
401 961 486 1022 multa
501 961 554 1022 alia
575 961 717 1022 Thraseae
735 962 802 1038 (fnit
816 964 891 1023 enim
905 961 1064 1042 familiaris)

57 1047 96 1105 ita
110 1045 167 1103 hoc
180 1063 270 1123 saepe
285 1044 445 1123 referebat,
469 1048 637 1125 praecipere
653 1045 767 1107 solitum
781 1047 977 1123 suscipiendas
996 1064 1063 1106 esse

14 1132 49 1183 10
59 1144 160 1189 causas
174 1137 222 1188 aut
237 1129 389 1188 amicorum
408 1138 456 1189 aut
471 1128 617 1190 destitutas
635 1138 682 1189 aut
695 1129 731 1190 ad
743 1129 904 1209 exemplum
920 1130 1063 1208 pertinen-

58 1222 112 1273 tes.
149 1210 207 1271 Cur
218 1214 386 1290 amicorum,
407 1230 464 1273 non
480 1222 548 1290 eget
562 1214 808 1291 interpretatione:
830 1232 880 1272 cur
894 1211 1088 1280 destitutasia

58 1294 136 1374 quod
150 1297 179 1354 in
193 1295 249 1356 illis
264 1297 383 1357 maxime
404 1306 433 1357 et
448 1299 604 1357 constantia
619 1298 728 1373 agentis
745 1305 775 1357 et
793 1297 946 1356 burnanitas
963 1316 1063 1357 cerne·

56 1389 149 1440 retur:
171 1397 222 1439 cur
245 1380 413 1458 pertinentis
433 1380 470 1440 ad
486 1376 667 1459 exemplum?
691 1381 756 1458 quia
774 1379 923 1458 plurimum
943 1380 1064 1440 referret

57 1463 162 1523 bonum
175 1481 210 1523 an
224 1463 327 1523 malum
339 1463 528 1525 induceretur.
562 1463 608 1523 Ad
624 1464 697 1524 haec
712 1480 768 1541 ego
784 1480 891 1540 genera
907 1478 1090 1540 causarumque

14 1548 206 1608 loambitiose
221 1545 361 1627 fortasse,
385 1547 483 1608 addam
497 1558 590 1608 tamen
605 1547 694 1608 claras
711 1559 740 1609 et
757 1547 900 1608 inlustres.
933 1546 1063 1628 Aequum

56 1640 104 1693 est
118 1632 192 1691 enim
205 1649 293 1709 agere
313 1649 369 1692 nou
391 1649 540 1713 numquam
560 1632 670 1710 gloriae
693 1640 722 1692 et
740 1632 848 1709 famae,
870 1630 899 1691 id
918 1641 963 1692 est
985 1649 1064 1692 suam

57 1732 181 1776 causam.
210 1714 270 1775 llos
286 1719 438 1795 terminos,
456 1718 521 1796 quia
534 1735 580 1776 me
595 1716 773 1793 consuluisti,
789 1715 916 1794 dignitati
931 1733 964 1775 ao
979 1734 1060 1775 vere-

57 1798 175 1859 cundiae
191 1807 256 1860 tuae
272 1809 374 1861 statuo.
403 1800 466 1861 Neo
480 1819 525 1861 me
542 1803 678 1879 praeterit
694 1818 775 1861 usum
791 1808 820 1861 et
836 1818 903 1861 esse
919 1809 948 1860 et
965 1799 1089 1865 haberit

56 1885 191 1960 optimum
206 1882 318 1945 dicendi
332 1887 510 1963 magistrum:
525 1885 609 1945 video
623 1887 706 1945 etiam
717 1883 821 1944 multos
834 1901 923 1961 parvo
934 1885 1061 1961 ingenio,

10 1978 47 2030 20
56 1967 158 2028 litteris
173 1965 267 2043 nullis,
283 1977 314 2027 ut
328 1969 404 2028 bene
419 1977 538 2044 agerent
549 1968 661 2044 agendo
676 1974 858 2027 consecutos.
882 1967 940 2027 Sed
953 1977 981 2028 et
993 1967 1087 2033 illudo

56 2049 133 2130 quod
151 2050 198 2109 vel
213 2049 338 2110 Poliouis
354 2050 401 2111 vol
417 2060 556 2127 tamquam
570 2050 695 2110 Poliouis
710 2052 811 2128 accepi
825 2053 1002 2110 verissimum
1013 2068 1061 2110 ex·

55 2135 171 2211 perior,
187 2133 350 2191 ‘corumode
364 2133 477 2210 agendo
492 2133 597 2193 iactum
612 2143 657 2192 est
670 2143 701 2192 ut
716 2150 804 2210 saepe
822 2151 955 2210 agerem,
974 2151 1062 2211 saepe

56 2216 172 2294 agendo
187 2225 218 2276 ut
233 2217 323 2275 minus
340 2215 522 2276 commode’:
538 2218 603 2293 quia
617 2215 729 2275 seilicet
743 2214 909 2275 adsiduitate
925 2217 1008 2275 nimia
1022 2216 1062 2276 fa·

57 2301 152 2363 oilitas
167 2299 257 2376 magis
273 2317 354 2378 quam
369 2298 506 2376 facultas,
528 2317 583 2359 nec
599 2299 701 2359 fiducia
714 2298 767 2358 sed
781 2299 926 2358 temeritas
941 2306 1062 2375 paratur.

11 2388 46 2441 25
56 2383 120 2444 Nec
135 2401 206 2443 vero
223 2382 342 2444 Isocrati
358 2385 521 2464 quominus
541 2383 693 2443 haberetur
705 2399 830 2443 summus
850 2390 945 2440 orator
966 2381 1088 2448 offecite

56 2466 132 2548 quod
153 2467 311 2529 infirmitate
331 2470 432 2547 vocis,
454 2467 573 2528 mollitia
586 2466 702 2543 frontis,
726 2484 763 2526 ne
779 2467 807 2525 iu
821 2464 938 2543 publico
954 2464 1062 2525 diceret

55 2551 262 2632 inpediebatur.
291 2551 412 2613 Proinde
433 2552 550 2615 multum
569 2550 638 2630 lege
660 2549 755 2611 scribe
777 2549 930 2626 meditare,
950 2559 979 2608 ut
994 2567 1062 2627 pos-

56 2639 115 2713 sis,
134 2653 197 2695 cum
211 2634 312 2713 voles,
335 2636 444 2707 dicere;
465 2638 563 2713 dices,
587 2654 649 2696 curn
665 2633 742 2695 velle
759 2632 888 2695 debebis.
922 2631 985 2693 lloc
1000 2633 1062 2694 fere

56 2726 309 2798 temperamentum
324 2721 389 2797 ipse
404 2723 524 2780 servavi.
552 2717 616 2779 Non
632 2735 780 2797 numquam
790 2720 973 2796 necessitati,
989 2728 1085 2797 quaet

12 2811 125 2885 30pars
146 2804 261 2862 rationis
283 2810 345 2880 est,
367 2805 455 2881 parui.
487 2802 543 2881 ttgt
564 2805 638 2864 enim
659 2801 792 2882 quasdam
806 2820 822 2863 a
836 2812 937 2863 senatu
956 2804 1060 2879 iussus,

57 2907 114 2969 quo
130 2887 266 2948 tamenin
281 2904 399 2946 numero
415 2886 528 2946 fuerunt
547 2905 585 2947 ex
605 2886 653 2946 illa
668 2884 810 2946 Thraseae
828 2886 983 2964 divisione,
1006 2886 1062 2947 hoc

58 2982 103 3033 est
125 2970 161 3031 ad
182 2970 345 3049 exemplum
361 2972 547 3049 pertinentes.
574 2969 660 3029 Adfui
674 2969 799 3030 Baeticis
815 2978 912 3031 contra
927 2969 1086 3036 Baebiumtt

56 3054 194 3117 Massam:
221 3056 379 3133 quaesitum
400 3063 446 3116 est
470 3072 505 3113 an
525 3052 614 3113 danda
634 3063 712 3114 esset
733 3055 890 3132 inquisitio;
920 3052 982 3113 data
1007 3063 1060 3113 est.

57 3138 143 3199 Adfui
159 3158 257 3200 rursus
278 3137 368 3199 isdem
384 3138 569 3218 querentibus
587 3136 623 3197 de
639 3135 766 3198 Caecilio
783 3135 928 3196 Classico:
952 3139 1062 3214 quaesi·

16 3233 49 3286 35
59 3233 118 3284 tum
141 3233 187 3284 est
208 3240 242 3282 an
265 3221 455 3300 provinciales
482 3230 511 3281 ut
541 3223 639 3281 socios
659 3223 860 3298 ministrosque
880 3217 1062 3297 proconsulis

57 3306 147 3386 plecti
164 3315 325 3386 oporteret;
346 3324 455 3385 poenas
476 3306 597 3365 luerunt.
630 3304 773 3364 Accusavi
791 3301 909 3362 Marium
923 3299 1088 3378 Priscum,9

58 3393 122 3472 qui,
147 3390 214 3469 lege
233 3390 453 3471 repetundarum
474 3388 634 3466 damnatus,
656 3388 787 3449 utebatur
805 3385 954 3446 clementia
974 3385 1060 3463 legis,

58 3477 140 3538 cuius
161 3476 344 3537 severitatem
363 3474 523 3536 inmanitate
545 3473 692 3533 criminum
713 3477 893 3538 excesserat3
915 3468 1060 3547 relegatus

28 722 47 770 ὁ
