2588 4116
307 214 570 277 EPISTULARUM
584 225 627 279 35.
636 225 726 279 -39.
741 218 906 294 [dh—48]
1050 216 1111 277 211

103 370 173 428 tinet
190 370 333 446 inquirere
353 387 472 447 quorum
491 370 561 429 vitio
583 368 618 428 ad
639 369 695 429 hoc
715 379 828 448 tempus
845 379 948 429 tantam
964 371 1112 447 pecuniam

102 450 329 512 Nicomedenses
346 452 536 531 perdiderim,
559 472 612 530 ne,
636 454 700 512 dum
716 455 790 514 inter
805 473 838 513 se
852 454 1061 530 gratificantur,
1082 463 1112 514 et

102 536 296 597 inchoaverint
310 555 400 615 aquae
416 535 518 596 ductus
534 546 564 596 et
581 536 757 615 reliquerint.
792 537 868 611 Quid
890 539 987 615 itaque
1002 555 1110 616 conpe-

102 623 174 680 reris
190 620 289 699 perier
304 622 331 680 in
347 622 472 681 notitiam
486 638 586 680 meam.

431 752 602 815 xxxvuu.
627 753 781 835 {xuvrup

325 854 352 905 C.
371 855 499 905 PLINIUS
517 853 661 904 TRAIANO
678 855 890 909 IMPERATORI.

76 714 93 765 5

166 959 329 1037 Theatrum,
342 959 465 1034 domine,
478 958 604 1021 Nicaeae
616 961 734 1020 maxiura
747 963 801 1019 iam
811 969 893 1039 parte
903 969 1109 1038 constructum,
1121 973 1136 1024 l

103 1044 293 1122 inperfectum
313 1053 424 1120 tamen,
446 1047 625 1120 sestertium,
650 1053 680 1103 ut
700 1044 802 1121 audio,
825 1045 1024 1124 (nequeenim
1040 1046 1111 1104 ratio

56 1130 93 1183 10
104 1128 192 1206 [plus]
208 1146 333 1188 excussa
348 1129 409 1205 est)
429 1127 548 1206 amplius
566 1131 676 1191 centies
695 1128 803 1190 hausit:
825 1146 930 1189 vereor
943 1147 980 1188 ne
996 1129 1108 1190 frustm.

102 1211 270 1288 Ingentibus
284 1213 359 1270 enim
374 1213 451 1270 rImis
470 1211 619 1273 descendit
634 1222 662 1272 et
683 1212 757 1289 hlat,
781 1214 842 1273 sive
864 1215 892 1272 in
915 1231 1000 1272 causa
1019 1212 1137 1276 solumb

101 1294 226 1355 umidum
239 1304 268 1354 et
282 1294 379 1370 molle,
397 1297 459 1354 sive
473 1294 546 1374 lapis
560 1298 624 1372 ipse
639 1295 756 1371 gracilis
773 1306 802 1355 et
816 1297 922 1373 putris:
937 1295 1052 1372 dignum
1065 1308 1110 1358 est

102 1390 183 1440 certe
209 1378 413 1439 deliberatione
441 1381 515 1439 sitne
540 1378 700 1439 laciendum
720 1397 755 1438 an
780 1382 817 1440 sit
837 1379 1053 1459 relinquendum
1076 1399 1110 1441 an

102 1465 188 1524 etiam
210 1461 421 1523 destruendum.
461 1462 533 1523 Nam
554 1463 675 1524 lulturae
697 1481 731 1523 ac
753 1464 984 1524 substructiones
1006 1464 1110 1541 qulbus

60 1555 92 1607 15
103 1546 223 1610 subinde
240 1547 395 1626 suscipitur
410 1564 466 1606 non
487 1556 542 1607 tarn
560 1547 656 1607 firmae
679 1547 747 1606 mibi
767 1566 848 1627 quam
870 1558 1054 1627 sumptuosae
1069 1550 1110 1608 vi-

102 1632 212 1692 dentur.
234 1629 308 1690 IIuic
325 1630 435 1690 theatro
447 1649 484 1692 ex
500 1632 672 1709 priuatorum
687 1629 941 1709 pollicitationibus
957 1631 1043 1692 multa
1058 1631 1134 1694 dc·3

101 1717 220 1791 bantur,
244 1724 274 1775 ut
295 1714 430 1775 basIlicae
448 1716 540 1793 circa,
564 1724 593 1774 ut
615 1717 743 1794 porticus
765 1733 851 1796 supro
871 1734 996 1776 caveam.
1027 1715 1109 1789 Quae

101 1818 175 1860 nunc
190 1802 282 1860 omnia
298 1800 464 1859 differuntur
479 1808 611 1861 cessante
629 1817 666 1861 eo
681 1800 758 1880 quod
769 1809 833 1861 ante
846 1800 1041 1879 peragendum
1052 1810 1107 1860 est.

102 1883 191 1944 Iidem
206 1883 384 1946 Nicaeenses
399 1885 574 1961 gymnasium
587 1884 719 1945 incendio
736 1886 869 1945 amissum
881 1894 947 1945 ante
959 1884 1135 1948 adventuml

57 1970 194 2029 tomeum
209 1970 362 2028 restituere
379 1977 548 2045 coeperunt,
566 1968 653 2046 longe
668 1970 847 2028 numerosius
862 1967 1012 2046 laxiusque
1027 1987 1109 2045 quam

101 2054 209 2128 iuerat,
232 2060 261 2110 et
282 2053 336 2110 iam
355 2050 528 2126 aliquantum
549 2060 757 2127 erogaverunt,
774 2051 932 2129 periculum
948 2062 1043 2112 estne
1060 2070 1108 2129 pa-

101 2154 162 2197 rum
176 2133 296 2202 utiliter;
312 2134 523 2209 inconpositum
539 2135 653 2193 enimet
668 2151 797 2211 sparsum
812 2143 867 2193 est.
899 2133 1050 2194 Praeterea
1066 2152 1109 2193 ar-

102 2220 256 2294 chitectus,
273 2235 341 2277 sane
357 2216 485 2276 cernulus
503 2219 565 2278 eius
585 2234 673 2295 aquo
691 2235 764 2295 opus
780 2217 942 2277 Inchoatum
955 2226 1010 2292 est,
1027 2216 1108 2277 adilr-

101 2313 158 2363 mat
181 2304 307 2383 parietes
324 2319 491 2380 quamquam
512 2302 611 2379 vrginti
634 2312 663 2360 et
688 2300 760 2361 duos
784 2300 874 2380 pedes
893 2301 966 2362 latos
986 2303 1109 2378 inposita

56 2398 91 2450 25
101 2404 188 2448 onera
202 2389 344 2447 sustiuere
360 2403 416 2446 non
435 2403 542 2465 posse,
562 2388 627 2464 quia
642 2387 697 2446 sint
713 2394 861 2446 caemento
876 2385 962 2446 medli
976 2384 1039 2444 farti
1055 2402 1109 2444 nec

100 2482 229 2533 testaceo
245 2489 335 2551 opere
349 2473 515 2552 praecincti.
539 2468 777 2550 Claudiopolitani
794 2487 908 2549 quoque
924 2471 953 2529 in
968 2468 1134 2548 depresso5

101 2556 178 2632 loco,
195 2559 349 2616 inminente
364 2559 447 2615 etiam
462 2564 569 2633 monte,
585 2557 688 2634 ingens
704 2555 845 2615 balineum
862 2553 1007 2614 defodiunt
1018 2555 1108 2630 magis

101 2658 184 2718 quarn
205 2639 369 2717 aedificant,
396 2651 425 2699 et
445 2639 559 2718 quidem
575 2656 613 2699 ex
626 2658 661 2700 ea
676 2641 798 2720 pecunia
813 2656 896 2717 quarn
910 2638 1045 2698 buleutae
1061 2636 1108 2697 ad·

102 2724 152 2784 diti
174 2723 315 2783 beneficio
336 2732 385 2782 tuo
406 2733 453 2783 aut
473 2725 527 2782 larn
549 2723 712 2784 obtulerunt
732 2725 770 2784 ob
795 2724 938 2784 introitum
957 2733 1006 2783 aut
1025 2721 1109 2781 nobis

56 2808 282 2885 30exigentibus
298 2806 458 2867 conferunt.
493 2805 573 2884 Ergo
595 2827 659 2867 curn
674 2809 789 2869 timeam
802 2827 839 2868 ne
854 2807 913 2868 illle
928 2806 1043 2887 publica
1058 2815 1134 2884 pe=6

101 2894 201 2971 cunia,
225 2891 289 2969 hic,
315 2889 391 2970 quod
407 2899 451 2951 est
474 2894 549 2950 omni
570 2895 692 2969 pecunia
712 2894 882 2970 pretiosius,
911 2910 1009 2953 munus
1030 2900 1109 2949 tuum

100 2975 173 3037 male
195 2976 383 3053 conlocetur,
407 2991 498 3051 cogor
517 2985 619 3053 petere
640 2995 656 3036 a
678 2987 708 3036 te
731 2993 787 3036 non
808 2975 901 3036 solum
917 2976 954 3035 ob
969 2975 1108 3034 theatrum

100 3079 199 3122 vemm
213 3063 298 3123 etiam
315 3061 352 3120 ob
377 3059 449 3119 haec
473 3058 584 3120 balinea
601 3063 693 3122 mittas
713 3059 899 3121 architectum
915 3058 1109 3136 dispecturum

99 3155 190 3205 unum
213 3148 251 3207 sit
271 3145 368 3206 utilius
387 3153 454 3222 post
477 3152 620 3223 sumptum
641 3147 689 3223 qui
710 3145 803 3205 factus
828 3150 873 3202 est
894 3140 1108 3219 quoquomodo

56 3241 89 3294 35
101 3248 295 3291 consummare
311 3247 418 3308 opera,
435 3237 466 3288 ut
480 3228 612 3288 Inchoata
627 3238 708 3307 sunt,
730 3246 765 3288 an
780 3243 853 3304 quae
867 3224 998 3283 videntur
1013 3238 1108 3282 emen·

101 3314 190 3374 danda
205 3316 369 3392 corrigere,
395 3330 468 3390 quae
483 3313 679 3374 transferenda
693 3308 866 3385 transferre,
889 3325 942 3384 ne,
965 3306 1030 3366 dum
1048 3324 1108 3366 ser·

100 3417 166 3459 vara
183 3399 315 3460 volumus
332 3396 409 3477 quod
424 3399 575 3474 inpensum
589 3406 650 3473 est,
675 3394 749 3456 male
767 3390 953 3471 inpendemus
970 3391 1048 3470 quod
1061 3389 1109 3449 ad·

101 3482 223 3543 dandum
238 3493 293 3543 est.

882 3558 945 3620 14*
