2588 4116
223 223 285 283 242
644 215 675 277 0.
699 214 795 276 PblNl

223 385 252 436 et
268 374 348 434 favor
363 381 430 433 tunc
445 373 555 448 statim,
573 388 636 429 cum
653 371 687 429 ad
702 370 857 429 exercitum
872 368 1120 446 proficiscereris,
1138 377 1167 428 et
1179 370 1231 446 qui·

224 458 288 518 dem
304 457 436 518 inusitato
451 457 568 516 audicio
584 456 701 513 enotuit.
736 451 806 511 Nam
822 462 937 512 ceteros
952 453 1106 531 principes
1122 461 1171 511 aut
1184 451 1230 510 lar·

224 561 278 620 gus
295 559 379 602 cruor
400 541 552 599 hostiarum
572 546 618 597 aut
641 538 756 597 sinister
777 536 888 596 volatus
904 536 997 595 avium
1014 535 1230 595 consulentibus

224 626 377 702 nuntiavit,
397 625 448 683 tibi
471 621 636 683 ascendenti
652 620 687 679 de
708 638 786 680 more
807 618 977 697 Capitolium
993 636 1170 698 quamquam
1182 637 1229 678 non

224 709 254 769 id
267 711 410 788 agentium
429 708 530 766 civium
546 705 667 782 elamor,
693 713 723 763 ut
737 706 791 763 iam
806 705 944 783 principi,
972 705 1119 772 occurrit;
1149 703 1244 781 siquis
1272 748 1277 759 .

226 794 290 853 dem
306 793 396 852 omnis
410 790 490 851 turba
507 807 579 868 quae
595 789 680 848 limen
700 787 842 847 insederat
862 787 897 846 ad
917 789 1084 866 ingressum
1101 795 1181 845 tuum
1194 786 1228 846 lo·
1272 790 1277 891 p

224 878 302 936 ribus
313 874 434 934 reclusis
444 873 491 932 illa
504 873 628 952 quidem,
643 882 673 933 ut
688 882 754 931 tunc
768 871 962 948 arbitrabatur,
980 871 1077 946 deum,
1096 880 1227 947 ceterum,
1274 894 1277 901 ·

225 969 255 1019 ut
271 959 368 1019 docuit
383 968 520 1034 eventus,
543 965 571 1016 te
588 956 773 1017 consalutavit
789 957 998 1033 imperatorem.
1039 953 1108 1015 Nec
1124 954 1228 1014 alitera

226 1043 337 1102 cunctis
359 1058 442 1100 omen
463 1049 614 1118 acceptum
636 1048 689 1099 est.
724 1038 794 1099 Nam
815 1042 878 1118 ipse
899 1037 1076 1116 intellegere
1100 1038 1227 1098 nolebas:

224 1125 378 1186 recusabas
394 1125 467 1183 enirn
483 1125 636 1202 imperare;
656 1123 827 1200 recusabas,
850 1123 927 1201 quod
942 1123 1018 1183 bene
1035 1131 1099 1182 erat
1116 1123 1256 1201 impera-lt

225 1212 291 1270 turi.
323 1207 412 1287 lgitur
425 1207 573 1285 cogendus
587 1207 673 1266 inisti.
710 1204 783 1284 Cogi
804 1223 891 1285 porro
907 1223 964 1266 non
980 1216 1100 1284 poteras
1118 1209 1172 1267 nisi
1185 1224 1227 1285 pe·

225 1292 316 1353 riculo
331 1294 438 1371 patriae
454 1301 484 1352 et
501 1293 643 1351 nutatione
664 1292 706 1349 rei
722 1290 864 1370 publicae.
899 1290 1078 1350 Obstinatum
1096 1292 1172 1350 enim
1185 1289 1226 1349 tibi

225 1396 282 1438 non
304 1378 453 1455 suscipere
471 1377 636 1455 imperium,
659 1376 711 1433 nisi
728 1374 897 1436 servandum
914 1374 1028 1434 luisset.
1066 1373 1166 1448 Quare
1180 1391 1226 1450 ego

226 1462 304 1522 illum
320 1463 412 1539 ipsum
422 1459 546 1519 lurorem
560 1469 723 1538 motumque
736 1469 911 1518 castrensem
924 1475 991 1517 reor
1003 1459 1157 1538 extitisse,
1173 1459 1227 1536 quia

227 1563 325 1622 magna
344 1546 373 1602 vi
395 1560 554 1621 magnoque
573 1552 682 1602 terrore
698 1542 836 1603 modestia
852 1551 900 1602 tua
921 1541 1063 1602 vincenda
1084 1553 1157 1603 crat.
1189 1541 1256 1600 loli

227 1632 301 1689 siout
316 1628 399 1686 maris
415 1624 545 1704 caelique
567 1628 735 1704 temperiem
750 1627 876 1686 turbines
893 1635 1144 1705 tempestatesque
1160 1643 1226 1686 oom-

228 1711 376 1785 mendant,
398 1712 435 1768 ita
455 1708 490 1767 ad
511 1710 666 1786 aagendam
682 1712 762 1788 pacis
778 1720 842 1771 tuae
858 1711 976 1788 gratiam
990 1709 1072 1769 illum
1087 1709 1226 1770 tumultum

227 1795 426 1872 praecessisse
443 1791 619 1852 crediderim.
655 1793 746 1854 Habet
762 1794 812 1855 has
826 1797 907 1855 vices
930 1792 1057 1854 conditio
1076 1793 1226 1854 mortalium

227 1886 257 1936 ut
272 1875 391 1935 adversa
406 1893 442 1934 ex
454 1875 600 1954 secundis,
617 1896 653 1936 ex
668 1878 794 1938 adversis
806 1877 931 1939 secunda
942 1887 1106 1938 nascantur.
1131 1874 1226 1938 Occul-

228 1971 266 2022 tat
287 1969 469 2038 utrorumque
493 1961 602 2021 semina
627 1961 714 2039 deus,
740 1972 769 2021 et
792 1962 960 2041 plerumque
984 1961 1128 2021 bonorum
1147 1959 1258 2022 malo-lb

197 2054 344 2123 oramque
367 2062 469 2105 causac
488 2046 541 2106 sub
561 2046 673 2106 diversa
693 2048 794 2123 specie
818 2046 913 2106 latent.
958 2044 1092 2124 Magnum
1120 2045 1226 2125 quidem

229 2128 299 2189 illud
320 2129 438 2190 saeculo
459 2129 604 2207 dedecus,
628 2148 758 2207 magnum
779 2132 821 2189 rei
842 2129 976 2208 publicae
995 2129 1100 2189 vulnus
1124 2134 1226 2208 inpres-

228 2233 289 2275 sum
310 2222 368 2274 cst:
394 2216 547 2293 imperator
567 2222 597 2272 et
618 2232 721 2292 parens
747 2216 862 2291 generis
885 2214 995 2273 humani
1020 2215 1164 2275 obsessus
1187 2230 1227 2272 ca·
1278 2240 1284 2343 p

228 2309 292 2376 ptus
310 2297 454 2374 inclusus,
469 2297 560 2357 ablata
576 2299 722 2358 mitissimo
735 2299 795 2357 seni
809 2297 1010 2357 servandorum
1024 2297 1170 2358 bominum
1181 2313 1228 2376 po·

228 2391 333 2459 testas,
363 2392 549 2459 ereptumque
571 2384 691 2461 principi
712 2381 781 2440 illud
800 2383 828 2441 in
850 2382 1010 2461 principatu
1025 2381 1257 2455 beatissimumtr

228 2465 303 2542 quod
320 2462 388 2523 nihil
405 2468 525 2541 cogitur.
562 2466 592 2524 Si
608 2475 700 2525 tamen
716 2465 787 2524 haec
802 2465 863 2526 sola
879 2475 938 2524 erat
954 2466 1025 2526 ratio
1040 2481 1113 2543 quae
1131 2472 1162 2523 te
1182 2481 1229 2541 pu·

227 2547 319 2606 blicae
335 2546 433 2605 salutis
451 2546 650 2623 gubernaculis
666 2549 848 2627 admoveret,
866 2566 957 2628 prope
973 2557 1017 2609 est
1028 2558 1059 2608 ut
1074 2546 1230 2608 exclamem

189 2623 191 2628 ’
227 2630 294 2689 tanti
309 2630 408 2687 luisse.
433 2627 572 2707 Corrupto
588 2639 633 2690 est
649 2631 797 2709 disciplina
809 2643 982 2710 castrorum,
998 2641 1028 2692 ut
1041 2641 1071 2691 tu
1082 2642 1230 2693 corrector

227 2712 446 2789 emendatosque
464 2714 661 2791 contingerem
678 2716 820 2776 inductum
836 2720 989 2796 pessimum
1004 2715 1186 2796 exemplum,
1202 2725 1229 2774 ut

227 2797 362 2873 optimum
377 2806 584 2874 opponeretur;
610 2809 756 2878 postremo
775 2812 892 2862 coactus
907 2802 1043 2881 princeps
1060 2818 1136 2879 quos
1151 2800 1259 2860 nole-ii

225 2880 273 2938 bat
289 2877 441 2957 occidere,
467 2890 497 2939 ut
514 2880 593 2942 daret
615 2885 773 2963 principem
789 2886 836 2965 qui
853 2888 919 2962 cogi
934 2902 990 2944 uon
1004 2893 1116 2962 posset.
1159 2883 1229 2943 Olim

226 2973 255 3023 tu
274 2963 387 3042 quidem
409 2962 536 3042 adoptari
557 2968 719 3038 merebare;
746 2969 799 3029 sed
818 2971 1011 3028 nescissemus
1029 2977 1165 3047 quantum
1180 2968 1229 3028 tibi

226 3047 345 3108 deberet
365 3049 528 3127 imperium,
557 3053 581 3111 si
601 3062 666 3113 ante
681 3052 829 3132 adoptatus
848 3071 940 3113 esses.
976 3051 1172 3129 Expectatum
1187 3059 1230 3112 est

225 3142 337 3211 tempus
353 3149 409 3212 quo
424 3133 546 3213 liqueret
559 3153 616 3196 non
630 3146 685 3196 tam
697 3140 847 3216 accepisse
859 3145 887 3197 te
900 3136 1071 3196 beneficium
1083 3153 1168 3213 quam
1184 3135 1230 3195 de·

226 3217 311 3279 disse.
336 3214 470 3295 Confugit
481 3221 508 3277 in
521 3219 612 3279 sinum
627 3229 704 3280 tunm
716 3238 855 3281 concussa
869 3239 916 3281 res
932 3218 1065 3298 publica,
1082 3225 1263 3299 ruensque35
1282 3240 1286 3353 p

224 3303 372 3378 imperium
387 3319 474 3380 super
485 3305 684 3381 imperatorem
699 3306 874 3384 imperatoris
888 3304 939 3364 tibi
950 3321 1024 3363 voce
1036 3301 1162 3363 delatum
1175 3313 1229 3364 est.

224 3382 383 3460 lnploratus
399 3385 551 3464 adoptione
568 3397 597 3448 et
609 3391 717 3449 accitus
732 3408 780 3465 es,
804 3399 833 3449 ut
848 3387 914 3447 olim
931 3387 1019 3447 duces
1034 3390 1130 3463 magni
1146 3406 1162 3447 a
1178 3407 1229 3468 pe·

223 3468 345 3543 regrinis
361 3472 544 3549 externisque
559 3470 644 3532 bellis
660 3473 693 3534 ad
709 3491 794 3554 opem
809 3475 917 3551 patriae
937 3469 1081 3531 ferendam
1097 3475 1230 3532 revocari

1278 2724 1293 3039 —.-—-.=-
