2588 4116
205 192 264 254 168
630 187 661 247 C.
685 187 780 247 PLlNl

204 344 286 404 bibus
304 344 449 419 turbinos,
470 351 586 421 proruta
601 359 688 421 opera
703 341 804 419 quihus
821 341 948 419 pretiosa
966 359 1030 400 rura
1046 341 1209 417 cinguntur,
1293 395 1294 420 ,

207 437 337 506 quassata
351 426 442 503 adque
464 429 548 486 etiam
563 425 685 486 decussa
699 427 877 484 monimenta.
908 422 989 484 lllulti
1007 423 1148 484 eiusmodi
1164 442 1210 485 ca·
1293 487 1294 490 ,

178 512 284 576 esibus
301 509 454 586 debilitati,
472 510 581 586 obruti,
600 508 711 582 obtriti,
736 517 765 568 et
784 518 866 568 aucta
886 507 1009 567 luctibus
1026 507 1133 568 damna.
1165 506 1209 568 Ne

206 594 273 672 quid
294 593 385 655 simile
407 594 471 652 istic
492 610 543 672 pro
565 610 695 653 mensura
710 592 830 669 periculi
849 609 953 651 uereor
974 600 1060 670 teque
1076 609 1169 669 rogo,
1186 593 1209 651 si

206 676 274 737 nihil
295 677 368 754 tale,
390 694 472 754 quam
486 678 672 735 maturissime
686 675 870 736 sollicitudini
884 694 964 736 meae
981 675 1131 751 consulas,
1156 674 1232 735 sedi

207 770 236 820 et
250 764 274 820 si
288 761 363 837 tale,
380 760 408 819 id
425 777 538 838 quoque
553 762 674 820 nunties.
705 757 777 818 Nam
794 759 906 837 paulum
922 759 1015 819 differt
1031 761 1146 838 patiaris
1162 758 1209 818 ad·

206 863 290 905 versa
311 862 345 903 an
366 853 535 922 exspectem
558 845 611 904 nisi
629 843 705 921 quod
720 853 813 903 tamen
828 854 872 903 est
887 842 1002 903 dolendi
1016 843 1135 919 modus,
1153 858 1210 903 nou

208 938 253 988 est
280 927 405 986 timendi.
437 926 545 986 Doleas
564 928 644 986 enim
667 937 799 1004 quantum
819 930 893 987 scius
922 926 1080 1004 accidisse,
1110 929 1209 987 timeas

208 1021 340 1089 quantum
354 1009 446 1088 possit
462 1010 603 1070 accidere.
636 1010 718 1070 Vale.

655 1142 758 1202 lett.

489 1240 516 1294 e.
541 1240 663 1291 nunnius
682 1240 797 1292 susino
818 1241 878 1292 suo
897 1241 923 1294 s,
984 1248 987 1252 ¹

184 1367 199 1417 l
269 1342 381 1402 Falsum
396 1352 440 1402 est
455 1345 582 1402 nimirum
594 1342 668 1421 quod
684 1343 808 1403 creditur
822 1342 920 1421 vulgo,
938 1352 1106 1402 testamenta
1120 1342 1208 1401 homi·

208 1445 273 1487 num
288 1426 436 1505 speculum
452 1447 518 1487 esse
533 1445 651 1503 morum,
668 1427 877 1487 cumDomitius
888 1425 987 1486 Tullus
1002 1426 1089 1503 longe
1107 1425 1209 1485 melior

185 1512 369 1590 capparuerit
384 1520 475 1569 morte
489 1528 571 1589 quam
586 1512 651 1570 vita.
673 1510 743 1570 Nam
762 1530 824 1570 oum
835 1529 867 1571 se
881 1510 1046 1587 captandum
1062 1511 1248 1586 praelium-15

209 1604 270 1670 set,
292 1593 405 1669 reliquit
425 1591 508 1651 liliam
528 1592 680 1671 heredem,
710 1613 783 1672 quae
805 1593 846 1653 illi
862 1595 1025 1653 cumfratre
1041 1595 1207 1669 communis,

210 1680 274 1755 quia
288 1677 412 1753 genitam
430 1674 516 1734 fratre
537 1676 730 1754 adoptaverat.
763 1676 933 1737 Prosecutus
949 1686 994 1736 est
1008 1686 1131 1755 nepotes
1146 1676 1208 1755 plu·

208 1762 284 1819 rimis
299 1758 563 1837 iucundissimisque
584 1759 703 1836 legatis,
730 1765 900 1839 prosecutus
922 1763 1006 1821 etiam
1028 1771 1207 1840 proneptem.

208 1842 239 1901 ln
255 1860 377 1918 summa,
393 1844 484 1902 omnia
500 1843 797 1922 pietateplenissima,
821 1863 855 1904 ac
870 1853 947 1905 tanto
964 1848 1054 1922 magis
1075 1848 1208 1923 inexspe-

184 1934 284 1996 3ctata
299 1933 372 1984 sunt.
403 1923 482 2002 Ergo
498 1928 566 1985 varii
582 1937 641 1987 tota
664 1930 775 1987 civitate
797 1946 957 1989 sermones:
985 1929 1030 1988 alii
1052 1930 1148 1989 lictum
1169 1931 1250 1986 into

209 2020 318 2086 gratum
343 2010 524 2069 inmemorem
548 2011 698 2090 loquuntur
718 2030 807 2090 seque
824 2014 921 2090 ipsos,
951 2012 1015 2072 dum
1037 2015 1210 2072 insectantur

209 2094 297 2170 illum,
312 2094 481 2170 turpissimis
497 2097 723 2157 confessionibus
739 2095 877 2175 produnt,
898 2106 928 2157 ut
943 2097 991 2174 qui
1006 2096 1040 2155 de
1057 2105 1137 2175 patre
1156 2112 1208 2154 avo

209 2195 316 2256 proavo
339 2179 417 2256 quasi
440 2177 475 2237 de
500 2180 571 2240 orbo
594 2191 758 2259 querantur:
780 2180 826 2240 alii
847 2191 944 2240 contra
965 2180 1021 2238 hoc
1042 2181 1134 2257 ipsum
1150 2179 1209 2238 lau·

210 2261 290 2323 dibus
311 2262 405 2322 ferunt
425 2262 502 2341 quod
518 2266 553 2324 sit
565 2264 711 2324 frustratus
721 2257 865 2342 improbas
881 2281 950 2340 spes
964 2262 1118 2339 hominum,
1136 2279 1210 2339 quos

209 2348 251 2406 sic
274 2345 410 2425 decipere
435 2363 487 2422 pro
508 2349 631 2405 moribus
653 2356 810 2423 temporum
830 2343 976 2421 prudentia
999 2351 1051 2401 est.
1091 2344 1210 2404 Addunt
1219 2355 1252 2407 25

210 2431 293 2488 etiarn
304 2446 360 2488 non
377 2429 466 2488 fuisse
484 2430 511 2486 ei
525 2428 644 2487 liberum
657 2427 713 2486 alio
729 2434 897 2485 testamento
912 2425 997 2493 mori;
1021 2442 1115 2502 neque
1134 2429 1211 2486 onim

208 2512 359 2587 reliquisse
375 2526 448 2585 opes
464 2508 554 2585 filiae,
580 2510 632 2567 sed
652 2508 809 2567 reddidisse
827 2508 927 2585 quibus
941 2518 1040 2568 auctus
1056 2527 1109 2587 per
1125 2509 1211 2568 liliam

183 2593 311 2654 4fuerat.
340 2590 411 2649 Nam
428 2588 562 2649 Curtilius
576 2588 702 2665 Mancia,
724 2607 846 2667 perosus
866 2610 1002 2669 generum
1017 2610 1098 2652 suum
1111 2592 1209 2654 Domi·

207 2677 274 2734 tium
288 2673 428 2732 lucanum
442 2671 544 2748 (frater
557 2675 582 2734 is
601 2672 708 2752 Tulli),
733 2674 786 2733 suls
808 2694 842 2736 ea
858 2675 1018 2736 conditione
1035 2676 1118 2736 liliam
1134 2680 1207 2754 eius,

207 2766 322 2833 neptem
336 2773 425 2831 suam,
443 2757 599 2817 instituerat
612 2756 758 2834 heredem,
776 2759 800 2816 si
811 2768 891 2820 esset
902 2778 983 2819 manu
995 2762 1082 2838 patris
1094 2762 1207 2822 emissa.
1216 2772 1251 2826 30

207 2840 347 2901 Emiserat
362 2846 459 2916 pater,
483 2839 665 2919 adoptaverat
685 2851 818 2921 patruus,
839 2853 923 2921 atque
937 2844 975 2903 ita
993 2847 1207 2923 circumscripto
1241 2915 1244 2923 1

208 2932 377 2985 testamento
400 2938 518 2983 consors
546 2925 633 2985 frater
652 2927 680 2984 in
702 2927 789 3004 patris
812 2935 984 3004 potestatem
1007 2929 1208 3006 emancipatam

208 3007 293 3068 liliam
310 3005 468 3085 adoptionis
489 2998 586 3067 inune
603 3018 806 3085 revocaverat,
833 3019 863 3070 et
887 3011 999 3088 quidem
1020 3028 1083 3090 cum
1105 3012 1207 3088 opibus

184 3089 399 3170 5amplissimis.
431 3089 495 3150 Fuit
514 3091 618 3169 alioqui
633 3093 763 3152 fratribus
776 3092 833 3153 illis
848 3095 929 3171 quasi
943 3095 1000 3154 fato
1017 3094 1110 3154 datum
1124 3102 1154 3153 ut
1169 3095 1208 3153 di-

207 3177 282 3237 vites
296 3177 398 3236 fierent
410 3175 610 3235 invitissimisa
625 3176 725 3253 quibus
743 3177 810 3236 facti
826 3187 899 3237 sunt.
927 3177 999 3251 Quin
1015 3180 1099 3238 etiam
1109 3177 1206 3236 Domi·
1216 3190 1250 3244 35

207 3262 262 3320 tius
278 3259 366 3335 dier,
389 3261 436 3337 qui
450 3257 516 3318 illos
531 3261 559 3318 in
574 3274 676 3318 nomen
692 3259 865 3338 adsumpsit,
885 3260 999 3340 reliquit
1010 3271 1207 3321 testamentum

208 3352 273 3401 aute
290 3341 392 3402 decem
410 3352 438 3402 et
454 3352 521 3402 octo
538 3360 625 3402 annos
640 3352 828 3421 nuncupatum
848 3345 979 3423 adeoque
995 3355 1095 3423 postea
1112 3347 1207 3424 inpro-

181 3424 301 3486 6batum
314 3426 368 3485 sibi
384 3435 414 3484 ut
431 3426 518 3504 patris
536 3443 632 3485 eorum
648 3427 722 3487 hona
737 3427 941 3504 proscribenda
958 3429 1109 3488 curaverit.
1138 3427 1208 3489 lllira

1218 1103 1248 1154 10
