2588 4116
377 183 642 245 EPISTULARUM
656 128 703 244 tvl.
721 194 765 249 32.
781 196 824 249 33.
841 196 885 249 34.
1090 187 1151 251 131

149 335 313 409 induxerat,
336 334 513 413 quadruplici
534 335 638 396 iudicio
657 337 731 396 bona
746 347 863 416 paterna
876 338 1033 415 repetebat.
1063 339 1178 403 Sede-s

148 420 215 479 bant
238 427 350 476 centum
370 428 399 477 et
419 418 563 494 octoginta
584 418 710 488 iudices;
731 430 773 481 tot
794 422 867 480 enim
882 430 1013 498 quattuor
1028 425 1153 483 consiliis

149 501 335 578 colliguntur:
357 503 460 577 iugens
476 503 616 578 utrimque
632 503 781 564 advocatio
798 514 827 563 et
841 520 990 563 numerosa
1005 505 1152 583 subsellia,
1171 531 1173 535 ¹

149 593 298 664 praeterea
326 583 413 643 densa
440 586 678 645 circumstantium
704 604 809 646 corona
831 587 996 647 latissimum
1021 588 1154 648 iudicium

125 667 297 746 omultiplici
316 667 424 727 circulo
442 668 572 728 ambibat.
603 668 650 729 Ad
671 671 728 729 hoc
749 672 881 748 stipatum
902 670 1039 747 tribunal,
1061 671 1179 750 adque4

149 754 233 812 etiam
250 770 286 810 ex
302 753 451 829 superiore
465 751 602 812 basilicae
616 762 697 831 parte
719 772 774 832 qua
790 753 910 814 femmae
928 773 982 833 qua
996 756 1049 813 viri
1064 765 1092 814 et
1107 774 1153 815 au·

149 835 260 910 diendi,
284 835 359 913 quod
375 835 508 911 difficile,
533 844 562 895 et
585 835 661 915 quod
675 836 777 915 iacile,
794 837 904 898 visendi
920 837 1013 898 studio
1029 840 1153 898 immine-

148 919 224 978 bant.
246 917 348 994 Magna
362 921 541 997 exspectatio
558 930 678 997 patrum,
695 938 795 997 magna
809 921 938 999 filiarum,
956 939 1056 998 magna
1069 923 1152 981 etiam

149 1019 344 1062 novercarum.
375 1000 496 1061 Secutus
517 1011 563 1062 est
576 1006 670 1064 varius
686 1013 814 1064 eventus.
845 1004 916 1064 Nam
930 1004 1040 1065 duobus
1059 1007 1177 1066 consi-5

107 1085 194 1146 loliis
209 1087 338 1161 vicimus,
355 1085 473 1144 totidem
488 1088 556 1144 victi
571 1105 675 1147 sumus.
698 1086 838 1147 Notabilis
850 1105 967 1166 prorsus
983 1097 1012 1148 et
1027 1090 1095 1148 mira
1106 1106 1152 1148 ea·

148 1168 212 1228 dem
227 1170 255 1227 in
268 1186 364 1246 causa,
379 1168 470 1228 isdem
479 1169 630 1247 iudicibus,
645 1171 736 1230 isdem
744 1170 901 1248 advocatis,
912 1169 1014 1229 eodem
1022 1179 1152 1248 tempore

147 1260 221 1313 tanta
237 1251 386 1312 diversitas
398 1252 511 1329 accidit,
529 1270 606 1330 casu,
623 1270 679 1312 non
694 1253 771 1332 quod
789 1271 872 1314 casus
883 1253 1036 1313 videretur.
1067 1253 1178 1316 Victad

148 1345 192 1416 est
207 1353 348 1412 noverca,
366 1336 524 1414 ipsalreres
540 1346 671 1418 exparte
686 1345 784 1415 sexta,
807 1339 899 1396 victus
916 1336 1088 1413 Suberiuus,
1105 1340 1153 1414 qui

148 1419 338 1480 exheredatus
353 1429 460 1497 epatre
476 1419 611 1497 singulari
626 1419 789 1498 inpudentia
803 1419 886 1480 alieni
900 1423 987 1498 patris
1005 1420 1077 1480 bona
1092 1422 1152 1478 vin-

105 1503 267 1578 iudicabat,
284 1520 340 1562 uon
355 1521 443 1564 ausus
457 1505 499 1562 sui
516 1512 624 1580 petere.
655 1503 735 1563 llaec
750 1505 800 1564 tibi
816 1502 946 1582 exposui,
964 1505 1099 1581 primum,
1121 1511 1177 1565 ut'l

149 1605 185 1645 ex
201 1586 323 1665 epistula
337 1588 427 1648 scires
445 1605 517 1665 quae
533 1589 710 1647 exoratione
726 1606 783 1647 nou
796 1597 927 1667 poteras:
949 1586 1051 1647 deinde
1073 1587 1152 1665 (uam

148 1670 280 1746 detegam
294 1670 397 1748 artes),
421 1680 451 1730 ut
466 1672 621 1732 orationem
637 1671 770 1731 libentius
785 1671 918 1748 legeres,
941 1672 965 1731 si
980 1688 1037 1729 nou
1053 1670 1152 1747 legere

148 1753 197 1812 tibi
211 1754 263 1813 sed
277 1756 418 1814 iuteresse
430 1754 534 1814 iudicio
549 1753 701 1824 videreris;
723 1773 821 1834 quam,
837 1757 873 1815 sit
886 1754 955 1814 licet
968 1772 1080 1831 magna,
1095 1772 1152 1814 uon

148 1836 272 1916 despero
287 1839 404 1914 gratiam
418 1838 603 1897 brevissimae
619 1841 836 1917 impetraturam.
867 1837 938 1897 Nam
959 1847 988 1897 et
1011 1839 1094 1916 copia
1108 1844 1179 1897 re·8

104 1935 208 1987 borum
225 1929 254 1980 et
269 1929 368 1996 arguta
383 1919 522 1979 divisione
539 1930 567 1978 et
583 1920 795 1980 narratiunculis
809 1921 937 1998 pluribus
954 1931 983 1980 et
999 1919 1152 1998 eloquendi

148 2005 285 2063 varietate
300 2009 460 2060 renovatur.
484 2001 554 2060 Sunt
569 2001 654 2060 multa
670 2003 741 2081 (non
756 2002 888 2062 auderem
904 2004 957 2061 nisi
972 2002 1022 2061 tibi
1037 2002 1150 2080 dicere)

149 2086 234 2162 elatu,
251 2084 337 2144 multu
351 2086 506 2160 pugnacis,
528 2083 615 2142 multa
631 2084 752 2143 subtilia.
783 2084 936 2143 Intervenit
953 2086 1027 2142 cuim
1040 2087 1177 2147 acribus9
1261 2098 1265 2104 ·

148 2169 205 2230 illis
221 2178 249 2229 et
265 2169 370 2228 erectis
385 2166 521 2245 frequens
537 2168 694 2226 necessitas
711 2165 881 2243 computandi
900 2185 933 2225 ac
948 2184 1039 2243 paene
1056 2166 1150 2226 calcu-

149 2255 193 2315 los
210 2251 388 2330 tabulamque
407 2249 562 2329 poscendi,
584 2260 613 2309 ut
627 2259 747 2327 repente
762 2253 789 2309 in
805 2250 907 2328 privati
921 2248 1016 2308 iudicii
1034 2249 1150 2310 formam

105 2345 138 2396 ‘25
147 2336 348 2398 centumvirale
368 2345 501 2395 vertatur.
540 2333 677 2395 Dedimus
703 2332 768 2393 vela
794 2332 993 2410 indignationi,
1021 2331 1149 2393 dedimus
1160 2343 1193 2394 10

146 2425 216 2499 irae,
234 2421 361 2481 dedimus
373 2419 475 2497 dolori,
491 2427 521 2479 et
532 2421 560 2478 in
571 2417 743 2497 amplissima
756 2435 851 2494 causa,
868 2417 948 2495 quasi
957 2433 1058 2493 magno
1070 2419 1148 2494 mari,

72 2533 78 2547 r
148 2506 274 2583 pluribus
292 2505 383 2562 ventis
400 2522 496 2564 sumus
511 2504 597 2563 vecti.
618 2499 650 2562 lu
666 2520 783 2580 summa,
800 2499 895 2563 solent
909 2499 1020 2580 quidam
1033 2519 1069 2559 ex
1082 2519 1149 2561 con·
1159 2510 1193 2560 ll

148 2586 341 2647 tubernalibus
361 2590 465 2646 nostris
482 2589 642 2648 existimare
657 2587 730 2647 hanc
746 2587 918 2662 orationem,
931 2587 1033 2645 iterum
1045 2585 1149 2660 dicam,

148 2680 177 2730 ut
192 2672 264 2729 inter
276 2686 370 2745 meas,
384 2659 428 2740 ὡς
439 2660 773 2750 ὑπὲρΚτησιφῶντος
787 2688 868 2731 esse:
884 2688 918 2730 an
928 2686 1016 2746 vere,
1028 2679 1058 2729 tu
1070 2669 1150 2729 iacil-

104 2771 139 2824 30
148 2755 214 2813 lime
227 2752 375 2830 iudicabis,
392 2754 440 2831 qui
456 2762 512 2814 tam
522 2755 684 2814 memoriter
695 2764 777 2814 tenes
789 2773 887 2815 omnes
899 2762 930 2813 ut
940 2753 1072 2814 couierre
1086 2772 1150 2815 cum

147 2840 211 2916 hac,
228 2838 292 2897 dum
303 2836 375 2896 hanc
391 2835 481 2896 solam
496 2837 581 2915 legis,
597 2839 704 2916 possis.
735 2836 815 2897 Vale.

574 2955 720 3031 xxxuu.

427 3068 453 3118 0.
470 3068 593 3120 PLINIUS
612 3069 742 3120 MAXIMO
762 3068 822 3119 SUO
841 3067 867 3122 S.

104 3182 137 3234 35
208 3170 302 3230 Recte
325 3168 421 3229 iecisti
443 3169 519 3246 quod
541 3168 735 3246 gladiatorium
755 3186 853 3226 munus
871 3166 1085 3226 Veronensibus
1099 3182 1174 3232 [ιο-1

146 3256 211 3315 stris
226 3254 390 3333 promisisti,
404 3270 419 3312 a
433 3252 534 3330 quibus
550 3251 615 3312 olim
626 3255 736 3327 amaris,
754 3251 921 3329 suspiceris,
940 3251 1055 3309 ornaris.
1079 3250 1148 3312 lude

146 3341 229 3399 etiam
244 3355 364 3399 uxorem
381 3337 551 3396 carissimam
565 3338 615 3396 tibi
631 3345 660 3395 et
676 3334 903 3414 probatissimam
918 3332 1049 3413 haholsti,
1068 3337 1148 3396 cuius

145 3425 297 3483 memoriae
312 3430 359 3481 aut
374 3438 446 3498 opus
462 3419 577 3498 aliquod
591 3428 637 3479 aut
652 3417 865 3499 spectaculum,
881 3416 1045 3539 adque*hoc
1060 3421 1149 3498 potis·
1247 3472 1248 3477 ,
