2588 4116
137 239 200 302 244
558 236 591 297 C.
615 235 712 296 runt

137 392 364 451 vindicaverunt:
380 390 479 448 horum
494 406 583 467 opus,
599 389 697 448 borum
712 388 782 446 illnd
796 389 957 466 imperium;
975 384 1078 448 Nerva
1093 397 1152 447 tan·

136 486 195 536 tum
210 476 338 534 minister
352 473 418 534 init:
434 475 531 551 utique
548 474 596 551 qni
610 472 757 550 adoptarat
772 481 829 531 tam
844 473 938 550 paruit
953 488 1039 549 qnam
1055 481 1089 530 tu
1105 474 1149 550 qni

137 558 326 638 adoptabaris.
360 557 460 616 Adlata
476 566 535 616 erat
551 574 588 615 ex
603 555 743 616 Pannonia
756 553 863 631 laurea,
879 553 907 613 id
923 556 1082 630 agentibus
1099 554 1149 615 diis

137 654 168 704 nt
182 643 278 702 invicti
291 642 467 719 imperatoris
479 648 607 699 exortum
618 641 754 699 victoriae
767 639 877 715 insigne
889 637 1053 698 decoraret.
1071 637 1149 698 Hanc

137 730 290 806 imperator
304 724 398 785 Nerva
413 727 441 783 in
456 726 564 802 gremio
578 720 654 783 lovis
671 723 852 799 coniooarat,
873 739 937 780 cnm
958 730 1086 802 repente
1103 733 1167 784 s0·5

137 811 188 871 lito
209 812 298 870 maior
316 818 345 868 et
366 810 528 885 augustior,
550 806 687 867 advocata
702 807 844 866 hominum
860 807 997 866 contione
1014 804 1147 866 deorum·

139 914 212 974 qne,
234 904 264 954 te
281 890 367 951 tilium
382 890 453 968 sibi,
478 891 534 950 hoc
550 900 594 951 est
609 892 723 951 nnicnm
744 889 875 949 auxilinm
890 889 979 950 fessis
996 889 1088 950 rebus
1102 891 1146 950 ad·

138 977 267 1056 sumpsit.
303 974 372 1034 lnde
385 976 464 1052 quasi
480 974 602 1054 depositi
616 976 726 1053 imperii
742 992 797 1052 qna
813 974 967 1035 securitate
982 991 1041 1052 qna
1057 973 1146 1051 gloria

139 1061 233 1121 laetus
255 1060 332 1138 (nam
355 1057 516 1137 quantulum
530 1058 620 1118 refert
637 1058 764 1137 deponas
780 1054 958 1136 an'partiaris
974 1054 1145 1136 imperium?

138 1146 191 1205 nisi
207 1142 282 1222 qnod
297 1141 440 1203 diiiioilins
455 1143 511 1203 boc
526 1143 601 1221 est),
623 1159 679 1202 non
695 1159 830 1202 secusne
847 1142 993 1221 praesenti
1009 1142 1062 1201 tibi
1078 1142 1143 1200 inni·
1153 1155 1179 1206 10

137 1246 207 1305 xus,
232 1229 288 1287 tuis
303 1229 408 1288 umeris
424 1246 455 1287 se
472 1228 648 1307 patriamque
664 1236 844 1303 sustentans,
871 1236 919 1284 tua
933 1226 1068 1303 iuventa,
1098 1236 1143 1285 tno

138 1313 242 1373 robore
259 1312 385 1371 invainit.
408 1312 506 1372 Statim
522 1311 651 1372 consedit
667 1311 756 1371 omnis
767 1309 911 1370 tumultus.
939 1307 1005 1369 Non
1016 1308 1144 1389 adoptio·

138 1398 182 1458 nis
204 1413 276 1475 opus
297 1397 372 1456 istud
386 1396 453 1474 init,
480 1395 532 1456 sed
546 1394 684 1474 adoptati;
712 1405 795 1474 atqne
811 1393 883 1454 adeo
904 1403 1015 1454 temera
1036 1393 1144 1454 fecerat

139 1480 250 1557 Nerva,
267 1481 291 1539 si
306 1480 471 1558 adoptasset
487 1479 579 1538 atium.
610 1479 733 1539 Oblitine
749 1495 845 1539 snmus
862 1487 892 1538 nt
907 1495 1002 1556 nuper
1016 1487 1086 1556 post
1099 1476 1142 1537 ad-

141 1566 285 1642 optionem
304 1581 360 1624 non
382 1563 498 1623 desierit
520 1563 638 1639 seditio,
666 1563 719 1624 sed
743 1558 893 1643 coeperit?
934 1561 1176 1629 Inritamentum15

140 1646 215 1708 istud
229 1649 330 1706 irarnm
352 1654 380 1705 et
399 1646 447 1706 fax
462 1646 597 1707 tumuitus
612 1648 730 1725 fuisset,
751 1649 804 1708 nisi
819 1646 966 1706 incidisset
982 1648 1010 1705 in
1025 1655 1067 1706 te.
1101 1646 1142 1704 An

141 1732 252 1791 dubium
269 1738 356 1790 estut
371 1728 437 1788 dare
449 1739 552 1808 posset
563 1731 711 1809 imperinm
725 1733 878 1809 imperator
893 1731 941 1808 qni
954 1730 1141 1790 reverentiam

139 1814 271 1874 amiserat
291 1814 457 1873 anctoritate
482 1816 543 1872 eius
568 1814 702 1874 effectum
722 1817 767 1874 cni
784 1810 918 1874 dabatur?
954 1813 1045 1873 Simul
1060 1812 1140 1887 iilius,

141 1895 222 1957 simul
238 1893 360 1973 Caesar,
376 1914 443 1956 mox
457 1898 610 1976 imperator
624 1908 653 1959 et
668 1917 788 1960 consors
803 1897 968 1959 tribuniciae
981 1898 1140 1976 potestatis,

141 1989 170 2040 et
192 1982 282 2040 omnia
308 1982 415 2059 pariter
436 1991 465 2042 et
487 1984 579 2043 statim
601 1982 692 2042 iactns
715 2002 764 2060 es,
797 2001 868 2061 qnae
889 1983 1019 2060 proxime
1042 1988 1178 2061 paraneto

109 2071 227 2132 9verus
248 2073 353 2124 tantum
373 2067 401 2124 in
420 2065 539 2126 alterum
560 2067 646 2126 iilinm
670 2067 798 2127 contulit.
841 2065 974 2144 Magnum
998 2065 1056 2125 hoc
1081 2075 1142 2124 tuae

140 2148 341 2211 moderationis
356 2149 502 2227 indicium,
527 2151 602 2229 quod
617 2169 671 2210 non
688 2151 780 2211 solnm
795 2166 949 2212 successor
962 2150 1078 2228 imperii
1094 2146 1142 2207 sed

141 2237 286 2312 particeps
302 2236 385 2295 etiam
399 2237 555 2314 sociusque
571 2235 710 2312 placuisti.
746 2233 816 2294 Nam
838 2251 1011 2310 successor,
1034 2232 1144 2292 etiamsi

140 2318 224 2397 nolis,
240 2317 386 2379 habendus
402 2329 462 2387 est;
477 2336 532 2378 non
547 2328 591 2379 est
606 2318 752 2379 habendus
768 2319 882 2395 socius,
899 2318 952 2376 nisi
966 2316 1049 2378 veiis.
1074 2314 1144 2376 Cre·

141 2402 244 2464 dentne
266 2405 375 2482 posteri
396 2405 513 2480 patricio
534 2411 562 2463 et
585 2402 727 2463 consulari
748 2413 777 2462 et
791 2400 950 2480 triumphali
967 2410 1046 2480 patre
1062 2401 1182 2476 geni-25

139 2497 214 2563 tum,
243 2504 306 2544 cnm
326 2484 509 2545 fortissimum
526 2487 727 2564 amplissimum
742 2488 959 2547 amantissimum
973 2485 1016 2544 sui
1029 2485 1144 2543 exerci-

140 2578 198 2628 tnm
222 2578 354 2646 regeret,
385 2571 584 2646 imperatorem
605 2587 661 2628 non
682 2570 717 2629 ab
739 2571 867 2630 exercitu
887 2565 1012 2629 iactum?
1039 2567 1145 2640 eidem,

142 2670 205 2711 cnm
224 2649 388 2711 Gennaniae
409 2652 604 2730 praesideret,
627 2650 784 2714 Germanici
804 2670 909 2714 nomen
925 2653 991 2712 hinc
1006 2648 1145 2712 missum?

140 2735 208 2795 nihii
223 2738 314 2814 ipsum
330 2744 360 2795 nt
374 2736 527 2813 imperator
541 2737 622 2797 tieret
635 2735 781 2814 agitasse?
796 2737 864 2798 nihil
881 2738 989 2799 fecisse
1002 2737 1056 2796 nisi
1069 2735 1146 2814 quod

140 2821 241 2879 meruit
258 2830 288 2880 et
304 2816 416 2898 paruit?
449 2818 565 2880 Paruisti
582 2823 671 2898 enim,
699 2821 820 2899 Caesar,
849 2833 877 2882 et
898 2820 938 2881 ad·
955 2820 1183 2900 principatumttt

140 2903 280 2982 obsequio
296 2904 467 2981 pervenisti,
483 2905 608 2983 nihilque
622 2908 711 2984 magis
727 2918 782 2967 ate
798 2908 920 2967 subiecti
935 2906 1027 2964 animo
1041 2904 1147 2963 factum

140 2997 185 3049 est
203 3007 284 3067 qnam
299 2989 375 3068 quod
390 2989 530 3067 imperare
547 2992 677 3068 coepisti.
700 2989 757 3049 Iam
773 2990 894 3068 Caesar,
910 2992 963 3049 iam
979 2990 1147 3067 imperator,

120 3069 193 3134 'iam
219 3070 420 3151 Germanicus,
446 3073 550 3134 absens
571 3083 600 3134 et
620 3076 751 3154 ignarus,
785 3083 900 3153 etpost
923 3083 997 3134 tanta
1022 3074 1173 3148 nomina,'

139 3169 271 3237 quantum
288 3158 323 3218 ad
337 3169 366 3219 te
381 3159 522 3238 pertinet,
541 3160 676 3235 privatus.
695 3158 838 3236 ¹Magnum
850 3159 1012 3232 videretur,
1030 3157 1055 3215 si
1068 3156 1148 3215 dice·

139 3260 198 3301 rem
215 3243 342 3305 Nescisti
356 3253 385 3304 te
400 3245 597 3322 imperatorem
612 3243 746 3303 intnrnm:
769 3263 831 3303 eras
847 3244 1016 3322 imperator,
1033 3250 1063 3300 et
1078 3257 1148 3301 esse
1158 3248 1188 3304 35

140 3334 168 3382 te
186 3345 189 3349 ·
227 3329 349 3388 ciebas.
369 3327 407 3388 Ut
421 3346 491 3388 vero
506 3328 541 3388 ad
556 3337 585 3388 te
600 3328 729 3388 fortunae
744 3338 809 3388 tnae
825 3329 936 3387 nuntius
947 3327 1041 3406 venit,
1058 3324 1148 3385 maie·

140 3384 321 3493 „squidem
335 3412 391 3472 hoc
407 3432 474 3473 esse
491 3412 567 3491 quod
583 3412 694 3489 fueras,
717 3411 768 3472 sed
788 3430 845 3472 non
861 3421 920 3472 erat
934 3411 1063 3471 liberum.
1101 3408 1149 3468 An

113 3492 195 3552 ‘non
210 3493 413 3574 obsequereris
431 3498 552 3576 principi
570 3499 657 3574 civis,
674 3496 786 3574 legatus
801 3498 978 3575 imperatori,
1002 3494 1076 3554 iilius
1093 3511 1149 3572 pa·
