2588 4116
224 224 285 289 170
648 221 680 282 C.
704 221 800 282 PLlNl

223 380 338 440 daturus
354 380 382 438 in
397 395 493 439 manus
510 376 654 436 hominum
674 385 738 434 ante
759 377 913 436 amicorum
933 373 1039 434 iudicio
1057 375 1236 453 examinare,

222 465 251 524 in
267 465 365 543 primis
380 471 440 522 tuo.
473 460 612 538 Proinde,
634 461 657 519 si
676 459 804 538 quando,
828 479 904 520 nunc
918 458 1033 520 intende
1049 457 1125 518 libro
1150 477 1236 538 quern

223 566 289 609 cum
302 547 356 608 hac
372 546 494 627 epistula
510 546 648 623 accipies,
662 546 726 621 quia
740 562 845 604 vereor
858 564 894 605 ne
907 545 970 623 ipse
985 553 1015 603 ut
1026 544 1117 604 tristis
1136 561 1236 622 parum

221 632 399 692 intenderim.
423 629 566 710 Imperare
584 628 658 688 enim
673 627 765 687 dolori
776 637 806 687 ut
820 629 977 690 scriberem
990 627 1083 707 potui,
1097 637 1129 687 ut
1142 646 1234 689 vacuo

222 718 314 778 animo
330 716 465 793 laetoque
480 731 536 774 non
550 713 640 792 potui.
675 710 763 772 Porro
785 723 815 773 ut
838 731 874 774 ex
894 710 994 773 studiis
1016 712 1170 790 gaudium,
1193 713 1254 777 sict

222 801 314 861 studia
326 799 465 860 hilaritate
482 798 660 877 proveniunt.
693 796 774 857 Vale.

696 930 759 991 XX.

512 1029 539 1083 o.
560 1029 683 1080 uerutus
703 1028 809 1080 onuno
828 1028 888 1080 suo
908 1029 934 1079 s

195 1143 211 1193 1
278 1131 323 1192 nd
340 1151 412 1211 quae
427 1131 573 1192 noscenda
588 1132 643 1192 iter
657 1131 779 1209 ingredi,
797 1133 987 1192 transmittere
1001 1149 1078 1192 mare
1090 1132 1265 1212 solemus,1o

221 1234 255 1276 ea
269 1216 323 1276 sub
342 1217 433 1277 oculis
449 1218 541 1294 posita
554 1216 753 1294 neglegimus,
769 1234 820 1275 seu
839 1218 903 1294 quia
918 1219 956 1276 ita
969 1227 1067 1276 natura
1082 1234 1227 1296 compara-

220 1308 278 1359 tum
293 1311 323 1360 ut
345 1303 536 1380 proximorum
556 1302 692 1360 incuriosi
712 1301 868 1378 longinqua
889 1310 1049 1377 sectemur,
1076 1319 1128 1361 seu
1153 1302 1228 1380 quod

221 1386 343 1444 omnium
354 1404 448 1446 rerum
462 1385 566 1465 cupido
579 1384 750 1463 languescit,
764 1403 828 1444 oum
842 1384 933 1446 facilis
948 1387 1076 1463 occasio,
1089 1404 1142 1446 seu
1154 1387 1227 1463 quod

221 1469 376 1529 differimus
393 1479 532 1547 tamquam
554 1487 643 1548 saepe
664 1470 751 1529 visuri
768 1470 844 1547 quod
864 1469 945 1528 datur
955 1467 1071 1546 videre,
1095 1473 1227 1549 quotiens

193 1552 292 1615 uvolis
308 1570 437 1612 cernere.
472 1551 657 1630 Quacumque
673 1551 710 1611 de
727 1570 829 1629 causa,
846 1553 986 1631 permulta
1003 1554 1031 1612 in
1046 1554 1117 1613 urbe
1133 1564 1228 1614 nostra
1236 1560 1263 1614 15

220 1637 354 1714 iuxtaque
370 1636 470 1695 urbem
484 1653 540 1694 non
559 1636 651 1696 oculis
672 1635 757 1696 modo
773 1636 825 1698 sed
840 1656 875 1697 ne
893 1639 1006 1698 auribus
1021 1637 1137 1717 quidem
1150 1640 1227 1698 novi·

220 1737 293 1795 mus,
308 1736 379 1796 quae
393 1719 418 1780 si
432 1719 547 1780 tulisset
562 1718 684 1797 Achaia,
701 1719 870 1799 Aegyptos,
890 1721 960 1781 Asia
977 1721 1068 1783 aliave
1084 1721 1229 1800 quaelibet

220 1800 418 1862 miraculorum
444 1803 525 1886 ferax
552 1803 829 1882 commendatrixque
858 1814 950 1883 terra,
979 1805 1072 1867 audita
1099 1808 1228 1885 perlecta

192 1883 336 1947 3lustrata
350 1885 530 1947 haberemus.
560 1886 628 1966 lpse
645 1898 723 1949 certe
738 1906 831 1967 nuper
848 1889 924 1968 quod
939 1909 994 1950 nec
1007 1890 1149 1951 audieram
1164 1901 1227 1952 ante

219 1986 273 2028 nec
288 1970 413 2031 videram
428 1971 521 2031 audivi
536 1974 643 2050 pariter
657 1982 686 2033 et
699 1972 766 2032 vidi.
788 1970 933 2050 Exegerat
948 1991 1088 2052 prosocer
1101 1992 1182 2036 meus
1198 1983 1263 2036 utto

218 2052 352 2117 Amerina
376 2054 492 2133 praedia
517 2074 569 2117 sua
599 2058 780 2136 inspicerem.
826 2057 905 2118 llaec
931 2058 1136 2137 perambulanti
1162 2058 1227 2118 mihi

219 2137 378 2200 ostenditur
399 2141 550 2203 subiacens
567 2140 646 2202 lacus
667 2144 779 2203 nornine
793 2141 971 2202 Vadimonis:
992 2143 1074 2203 simul
1091 2142 1228 2221 quaedam

190 2222 396 2285 dincredibilia
411 2236 566 2287 narrantur.
598 2225 719 2285 Perveni
733 2227 768 2286 ad
785 2227 888 2304 ipsum.
922 2226 1012 2286 harus
1028 2229 1116 2286 estin
1132 2226 1228 2286 simili·

218 2306 343 2368 tudinem
354 2311 473 2371 iacentis
488 2319 569 2370 rotae
585 2310 815 2386 circumscriptus
830 2317 859 2366 et
870 2306 993 2382 undique
1006 2309 1151 2385 aequalis:
1167 2309 1228 2369 nul·

217 2389 262 2450 lus
280 2394 369 2469 sinus,
386 2393 538 2471 obliquitas
552 2391 639 2468 nulla,
656 2393 748 2449 omnia
760 2389 895 2463 dimensa,
910 2390 987 2464 paria
1002 2398 1031 2446 et
1046 2393 1126 2465 quasi
1142 2394 1263 2455 aratu-rt

218 2475 260 2532 cis
276 2492 357 2535 manu
373 2485 470 2536 cavata
489 2485 518 2535 et
534 2476 639 2533 excisa.
674 2470 763 2530 Color
775 2469 890 2530 caerulo
906 2468 1043 2549 albidior,
1064 2473 1186 2535 viridior
1202 2488 1230 2539 et

216 2557 360 2631 pressior,
385 2556 510 2633 sulpuris
529 2555 600 2615 odor
620 2571 763 2631 saporque
786 2552 958 2632 medicatus,
983 2557 1045 2633 vis,
1066 2575 1122 2634 qua
1137 2559 1229 2622 tracta

216 2636 382 2696 solidantur.
414 2639 541 2716 Spatium
561 2636 719 2714 modicum,
747 2637 822 2716 quod
843 2646 937 2699 tamen
958 2642 1061 2701 sentiat
1075 2652 1181 2704 ventos
1198 2654 1228 2706 et

187 2719 348 2780 dductibus
363 2722 542 2783 intumescat.
571 2719 654 2780 Nulla
671 2724 701 2781 in
717 2722 773 2782 hoc
787 2724 866 2784 navis
883 2724 983 2801 (sacer
998 2726 1100 2804 enim),
1117 2728 1170 2788 sed
1185 2730 1226 2788 in·

216 2813 310 2863 natant
332 2803 458 2884 insulae,
482 2805 617 2866 herbidae
636 2823 734 2868 omnes
750 2805 904 2867 harundine
921 2818 950 2869 et
964 2811 1066 2886 iunco,
1093 2818 1265 2890 quaequeao

215 2886 279 2947 alia·
290 2887 440 2949 fecundior
453 2888 536 2968 palus
552 2893 672 2969 ipsaque
689 2892 738 2951 illa
755 2894 918 2952 extremitas
936 2891 1015 2953 lacus
1038 2894 1131 2958 ellert.
1168 2896 1224 2955 Sua

216 2973 319 3050 cuique
338 2973 427 3051 ligura
441 2984 471 3035 ut
490 2974 606 3035 modus:
628 2979 739 3037 cunctis
755 2993 852 3054 margo
868 2976 999 3055 derasus,
1015 2979 1079 3055 quia
1090 2978 1224 3057 frequen·

214 3065 260 3116 ter
274 3055 322 3117 vel
337 3055 413 3117 litori
429 3058 477 3119 val
495 3060 548 3120 sibi
566 3058 666 3120 inlisae
685 3069 781 3121 terunt
800 3069 995 3140 terunturque.
1026 3059 1078 3121 Par
1093 3062 1224 3122 omnibus

215 3139 350 3220 altitudo,
372 3160 423 3223 par
437 3143 553 3213 levitas3
575 3145 682 3223 quippe
698 3147 727 3204 in
743 3145 871 3225 speciem
887 3147 998 3205 carinae
1013 3145 1110 3204 humili
1126 3144 1224 3207 radice

188 3224 403 3292 odesrentnnr.
435 3227 513 3289 llaec
534 3228 569 3288 ab
593 3230 667 3288 omni
690 3228 780 3289 latere
801 3230 975 3308 perspicitur
995 3228 1152 3307 eademque
1175 3239 1265 3293 suto

215 3327 320 3387 spensa
344 3313 451 3389 pariter
470 3321 500 3373 et
517 3329 619 3372 mersa.
653 3312 796 3373 interdum
820 3314 932 3374 iunctae
959 3312 1169 3392 copulataeque
1195 3323 1224 3374 et

214 3396 369 3454 continenti
391 3396 499 3456 similes
521 3405 603 3472 sunt,
627 3395 767 3457 interdurn
789 3395 1016 3458 discordantibus
1033 3398 1126 3456 ventis
1143 3397 1223 3476 dige-

213 3483 327 3555 runtnr,
343 3494 399 3538 non
412 3497 562 3559 numquam
575 3479 727 3541 destitutae
743 3480 944 3560 tranquillitate
959 3481 1088 3560 singulae
1105 3480 1222 3542 duitant.
