2588 4116
526 237 766 288 Puuurn'rlu.
1129 251 1178 289 x111

109 406 163 458 tur,
185 394 244 448 dum
265 401 348 451 nostra
370 400 449 449 aetate
465 389 571 448 Orelliue
590 393 737 463 principibus
763 393 907 448 editionibus
929 394 1022 449 collatis
1046 398 1176 467 genuinam

108 479 200 534 codicis
210 479 363 548 scripturam,
387 478 466 549 quoad
477 479 530 532 eius
539 477 591 532 beri
602 484 694 548 posset,
716 477 828 541 restituit,
850 478 985 532 restitutam
996 479 1034 534 ria
1049 481 1176 536 etratious

109 562 253 617 emendavit.
298 562 373 617 edidit
389 568 472 617 autem
490 559 594 617 Orellius
609 562 714 630 primum
726 559 796 614 Plinii
813 567 838 614 et
849 560 943 615 Traiani
954 562 1068 631 epistulas
1079 573 1175 620 mutuas

108 646 190 700 lusici
207 648 291 713 1833,
313 645 402 701 deinde
421 645 500 718 magis
512 645 650 700 emendatas
662 660 709 699 una
720 659 777 699 cum
786 643 885 700 historia
896 644 979 698 critica
992 660 1074 700 aarum
1086 649 1175 717 epistu-

108 731 186 784 larum
199 729 280 784 Turiol
300 731 370 788 1838
383 730 454 785 edita.
498 745 529 785 ex
548 728 585 784 his
606 730 681 802 igitur
701 728 861 799 posteriorem
882 729 1011 783 editionem
1032 730 1065 784 ita
1079 739 1176 787 secutus

106 828 163 867 sum
186 813 259 867 utin
284 814 382 882 paucis,
409 827 513 885 quorum
532 813 605 868 index
625 813 688 867 inlra
707 813 812 882 scriptus
833 817 882 877 est,
914 812 944 867 ab
973 827 1001 866 ea
1029 813 1174 871 recederem.

110 904 220 951 ceterum
240 896 350 952 ordinem
366 903 392 952 et
408 911 535 953 numerum
554 896 709 966 epistularum
726 897 821 967 qualem
838 896 965 950 induantii
982 902 1008 951 et
1023 896 1077 952 uidi
1093 913 1175 953 erem-

107 979 215 1050 plan'bus
240 980 334 1046 inveni,
363 997 377 1036 a
405 997 453 1053 quo
474 981 527 1035 sine
552 981 638 1036 idonea
659 995 731 1036 causa
754 988 838 1050 postea
863 979 1028 1045 desciuemnt,
1056 985 1174 1038 revocavi.

107 1079 164 1119 nam
181 1071 312 1136 postquam
322 1064 351 1118 H.
364 1063 514 1135 Stephanus,
536 1065 561 1119 ui
581 1063 664 1128 fallor,
687 1064 777 1135 primus
804 1065 837 1119 ita
857 1063 902 1119 has
921 1065 1036 1134 epistulas
1058 1064 1175 1135 disposuit

106 1156 135 1202 ut
167 1163 221 1203 eam
249 1155 343 1218 partem
365 1164 427 1220 quae
446 1147 561 1219 epistulas
582 1147 612 1202 ab
638 1148 783 1218 imperatore
806 1149 935 1217 rescriptas
957 1148 1049 1203 additas
1075 1149 1175 1205 haberet

104 1247 218 1287 seorsum
240 1233 344 1301 positam
363 1237 389 1286 et
408 1247 471 1287 novo
486 1237 624 1286 mutuarum
642 1232 797 1300 epistularum
816 1231 887 1285 titulo
909 1233 1047 1302 inscriptam
1063 1234 1088 1287 in
1102 1234 1175 1288 linem

105 1317 220 1378 reiteret,
239 1315 435 1370 honorationem
452 1309 550 1383 plurimi
572 1313 659 1367 imitati
680 1320 745 1368 sunt.
766 1314 847 1384 itaque
857 1313 955 1385 antiquo
968 1315 1053 1369 ordine
1062 1318 1173 1375 restituto

106 1397 271 1453 recentiorem
296 1398 402 1452 numeris
419 1396 560 1469 vulgaribus
581 1396 706 1466 adscriptis
726 1395 835 1451 indicavi.
879 1395 922 1452 sed
946 1411 1002 1451 cunr
1024 1398 1048 1450 in
1070 1398 1116 1453 lrac
1140 1414 1174 1464 re,

107 1495 256 1552 quamquam
270 1480 466 1538 dissentientibus
476 1480 598 1552 plerisque
608 1480 739 1536 editoribus
754 1486 779 1535 et
789 1480 842 1550 ipso
856 1477 953 1543 Orellio,
975 1480 1062 1535 Alduru
1073 1497 1174 1553 sequeu-

107 1567 167 1620 dum
188 1579 242 1620 esse
263 1565 391 1631 ducerem,
418 1565 486 1620 uolui
511 1579 645 1621 eumcum
669 1565 766 1636 reliquis
788 1564 876 1619 imitari
896 1564 922 1619 in
949 1564 1009 1628 hoc,
1038 1567 1102 1636 quod
1128 1583 1175 1621 uua

108 1665 165 1704 cum
180 1648 278 1720 reliquis
287 1649 356 1705 libris
367 1650 410 1704 has
421 1649 535 1720 epistulas
546 1664 669 1721 tamquam
679 1649 800 1704 decimum
809 1648 898 1705 librum
918 1649 1013 1719 posuit:
1035 1650 1100 1720 quod
1117 1652 1173 1721 quin

107 1739 192 1788 eontra
202 1732 276 1788 tidem
287 1734 480 1790 membranarum
489 1733 612 1789 novaverit
623 1733 726 1789 dubitari
741 1731 832 1805 nequit.
854 1747 911 1787 nam
931 1741 955 1788 et
966 1741 1021 1789 ante
1031 1734 1119 1788 Aldum
1131 1734 1173 1789 ali·

107 1831 155 1888 qua
166 1817 324 1887 epistulamm
336 1834 391 1889 pars
402 1825 526 1889 umquam
536 1817 599 1874 liber
608 1818 738 1890 singularis
749 1817 813 1874 edita
824 1824 876 1871 erat
886 1831 931 1872 nec
946 1832 1060 1888 umquam
1068 1833 1124 1872 cum
1135 1833 1173 1871 re·

106 1901 179 1972 liquis
190 1901 258 1956 libris
268 1901 314 1956 bae
324 1903 439 1973 epistulae
452 1909 591 1957 numeratae
603 1909 668 1957 sunt.

173 1983 289 2055 Epistulis
298 1984 369 2040 Plinii
378 1985 455 2040 adieci
473 1987 660 2058 panegyricum,
681 1998 731 2038 non
748 1999 796 2054 quo
808 1983 923 2038 haberem
933 1999 1023 2057 magno
1035 1999 1108 2053 opere
1121 1985 1173 2055 qui-

107 2069 155 2123 bus
182 2067 375 2121 emendationem
401 2068 550 2132 adiuvamm,
580 2068 624 2122 sed
651 2067 706 2136 quia
732 2080 806 2136 aegre
832 2066 921 2120 librum
942 2083 957 2122 a
976 2067 1059 2122 multis
1080 2068 1104 2120 in
1128 2067 1174 2121 bae

109 2149 218 2212 editione
228 2147 358 2202 desiderari
369 2148 550 2218 intellegebam.
572 2150 653 2217 itaque
663 2150 688 2201 in
699 2163 728 2201 eo
740 2149 938 2217 recognoscendo
949 2156 1044 2218 praeter
1056 2151 1139 2204 doetas
1149 2158 1175 2203 et

110 2231 244 2288 laboriosas
262 2228 400 2287 Soboorzii
416 2232 498 2301 copias
513 2231 539 2286 iu
555 2230 639 2300 primis
656 2229 746 2298 optima
764 2227 882 2283 Frideriei
899 2228 1020 2284 Moeri
1034 2233 1174 2286 recensione

109 2317 206 2372 Parisiis
230 2331 292 2371 anno
310 2318 379 2372 1843
401 2315 464 2371 edita
485 2322 510 2369 et
530 2314 668 2369 scholarum
688 2311 832 2367 Gallicarum
851 2311 907 2366 usui
923 2312 1103 2366 accommodata
1117 2329 1175 2368 usus

109 2417 172 2456 sum.
204 2415 261 2455 natu
283 2400 313 2455 de
334 2399 401 2454 libris
423 2399 612 2469 manuscriptis
632 2398 685 2467 ipse
708 2412 756 2452 uon
778 2395 896 2467 quaesivi,
919 2402 944 2450 et
963 2410 1024 2466 quos
1045 2394 1109 2449 lorte
1125 2397 1175 2450 ool·

109 2487 174 2541 latos
199 2483 274 2539 habui
295 2485 368 2549 duos,
397 2485 500 2539 alterum
524 2482 728 2539 llediolanensem
748 2479 910 2536 bibliothecae
930 2478 1088 2551 Braydensis,
1118 2480 1175 2534 olim

110 2568 251 2624 Patauinum
271 2582 349 2640 eoque
368 2568 490 2623 uominea
506 2566 644 2622 Schwarzio
662 2570 818 2636 usmpatum,
840 2563 1173 2636 alterumGuellerbytanum

112 2653 154 2722 qui
165 2658 202 2706 est
214 2651 276 2705 inter
287 2652 408 2707 Gudiauos
418 2667 518 2707 numero
529 2654 578 2716 45,
601 2658 729 2720 utnrmque
747 2649 900 2704 chartaceum
917 2649 1013 2703 saeculo
1034 2650 1117 2719 quinto
1133 2650 1175 2703 de·

112 2736 176 2792 aimo
190 2736 320 2806 scriptum,
343 2751 427 2791 eorum
442 2737 558 2807 exiguum
568 2749 640 2790 nsum
651 2748 705 2788 esse
715 2734 827 2806 cognovi.
852 2732 964 2788 ridentur
981 2738 1062 2786 autem
1079 2732 1175 2787 codices

112 2819 253 2890 panegyrici
273 2826 368 2889 praeter
388 2835 476 2891 paucas
498 2819 650 2874 membranas
670 2818 811 2888 rescriptas,
834 2816 951 2888 equibus
972 2816 1051 2872 variae
1072 2817 1175 2886 scriptu·

112 2919 153 2958 rae
172 2903 201 2957 ab
223 2903 317 2973 dugelo
337 2902 400 2960 Maio
418 2904 545 2959 adnotatae
561 2910 620 2958 sunt
640 2917 702 2958 anno
720 2903 788 2958 1815
805 2900 829 2956 in
845 2899 984 2973 Symmachi
1006 2901 1110 2956 editione
1124 2899 1175 2954 Mc·

81 3043 85 3051 ,
112 2986 260 3052 diolaneusi,
282 2993 400 3058 quotapuot
422 2994 505 3042 extant
519 3002 603 3042 omnes
622 3001 653 3041 ex
669 3000 718 3039 uno
738 2985 849 3056 exemplo
871 2985 967 3040 saeculo
983 2986 1066 3056 quinto
1082 2985 1175 3039 decimo
1223 3030 1226 3037 .

111 3077 210 3141 reperto
221 3070 288 3125 ducti
299 3084 359 3124 esse.
381 3086 438 3124 narn
449 3071 513 3142 quod
528 3070 669 3125 [luebuerus
685 3070 711 3123 in
721 3069 798 3125 llusei
819 3068 928 3124 Rhenani
949 3069 1073 3123 novissimi
1093 3075 1112 3121 t.
1133 3066 1174 3133 lll,

111 3171 136 3224 p.
145 3156 197 3211 154
208 3154 318 3208 codicem
324 3153 464 3208 Vaticanum
473 3157 542 3211 3461
554 3155 648 3210 decirno
658 3153 755 3208 saeculo
765 3153 883 3223 scriptum
893 3168 946 3207 asse
956 3152 1022 3214 dicit,
1035 3151 1175 3220 nescioquo
1203 3218 1206 3223 ,

112 3244 213 3292 auctore
224 3237 295 3292 dicat.
322 3237 381 3291 mibi
392 3243 458 3292 certe
468 3237 585 3292 Henrious
595 3236 715 3292 Brunnius
726 3252 754 3291 ea
765 3236 796 3292 de
805 3251 832 3290 re
841 3237 1005 3306 interrogatus
1018 3248 1073 3288 eum
1087 3233 1175 3288 librum

112 3338 161 3376 non
176 3321 256 3392 magis
272 3336 343 3392 quam
355 3321 461 3391 reliquos
475 3321 615 3393 panegyrici
631 3320 740 3388 codices,
762 3318 803 3391 qui
824 3324 882 3373 suut
902 3318 928 3372 iu
948 3316 1095 3373 bibliotheca
1111 3319 1176 3372 Vati-

114 3420 174 3459 cana
197 3419 297 3459 nmuero
325 3410 396 3468 octo,
423 3404 454 3459 ad
486 3405 595 3475 quintum
616 3403 738 3458 decimum
758 3401 882 3456 saeculum
902 3402 1022 3471 pertinere
1043 3401 1175 3472 respoudit.

113 3503 194 3560 neque
216 3488 360 3543 dissentiunt
381 3487 411 3542 ab
433 3487 482 3542 hoc
500 3487 588 3542 iudicio
607 3489 739 3557 scripturae
756 3500 770 3539 a
785 3483 923 3540 Schwarzlo
939 3486 1075 3542 ellaticano
1092 3485 1176 3539 codice
