2588 4116
224 203 486 266 EPISTULARUM
502 216 678 270 rra-«ns.
694 209 705 284 t
707 209 896 285 rus-1194
989 205 1051 271 237

43 374 161 418 versum
175 375 292 418 morere
313 367 342 418 te
360 361 461 436 potuit.
496 356 565 416 blibi
576 357 633 417 boc
647 365 899 434 temperamentum
914 360 975 421 eius
991 360 1052 439 pla·

46 443 106 503 cuit
123 450 152 501 ut
170 460 208 501 ex
228 443 381 521 praeterito
397 440 465 502 nibil
486 458 670 517 novaremm,
694 439 745 500 sed
761 453 906 504 manerent
924 447 1050 521 quamvis

46 535 146 585 contra
159 525 256 603 legem
273 526 373 587 adsciti
395 542 637 605 quarumcumque
654 525 797 584 civitatum
812 528 909 605 cives,
931 529 959 586 in
976 528 1050 588 futu·

44 628 108 669 rum
121 619 215 670 autem
229 609 278 670 lex
292 609 427 689 Pompeia
442 610 656 677 observaretur3
673 610 754 669 cuius
768 611 825 669 rim
846 608 870 670 si
886 619 963 671 retro
981 629 1050 689 quo·

16 709 105 771 5que
119 692 239 754 velimus
255 694 411 772 custodire,
426 693 513 754 multa
527 710 652 754 necesse
668 701 713 752 cst
728 694 895 770 perturbari.

414 827 514 889 oxvr.
539 826 676 905 [curru]

271 925 298 977 0.
316 927 442 978 PLINIUS
458 928 603 979 Tadiano
622 927 827 979 IMPERATORI.

33 1052 37 1064 ·
109 1028 163 1101 Qui
183 1028 295 1088 virilem
311 1039 407 1107 togam
427 1041 539 1092 sumunt
559 1032 607 1093 vel
626 1034 738 1112 nuptias
759 1032 864 1093 iaciunt
885 1030 932 1091 vel
954 1034 1071 1097 ineunt]

10 1120 38 1172 lo
45 1111 237 1190 magistratum
255 1112 304 1174 vel
325 1131 399 1192 opus
420 1113 566 1193 pulffleum
584 1116 731 1194 dedicant,
753 1115 849 1177 solent
863 1125 948 1177 totam
963 1115 1049 1177 bulen

45 1206 131 1275 atque
153 1198 266 1258 etiams
284 1197 371 1277 plebe
394 1215 450 1258 non
471 1200 604 1276 exiguum
621 1218 767 1260 numerum
789 1216 893 1259 vocare
908 1200 1049 1278 binosque

45 1279 178 1341 denarios
196 1281 243 1340 rel
265 1280 394 1359 singulos
413 1282 489 1343 dare.
523 1282 608 1355 Quod
629 1301 664 1343 an
683 1282 884 1343 celebrandum
904 1291 934 1343 et
951 1294 1048 1361 quate·

45 1382 98 1425 nus
116 1375 201 1443 putes
219 1382 292 1443 rogo
309 1365 428 1427 scribas.
462 1363 530 1445 lpse
550 1367 625 1426 enim
645 1369 718 1426 sicut
735 1366 866 1443 arbitror,
881 1367 1076 1444 praesertimu

46 1466 83 1508 ex
100 1448 288 1511 sollemnibus
304 1451 416 1527 causis,
433 1449 633 1511 concedendas
655 1468 722 1511 esse
736 1450 934 1528 invitationes,
948 1451 987 1511 ita
1000 1468 1050 1508 ve·

10 1541 112 1592 ltreor
133 1552 169 1592 ne
188 1535 208 1592 ii
229 1536 276 1612 qui
295 1533 374 1594 mille
393 1535 539 1611 homines,
564 1533 703 1594 interdum
723 1533 806 1595 etiam
828 1532 927 1611 plures
947 1541 1051 1593 vocant

44 1615 158 1676 modum
175 1616 319 1678 excedere
334 1627 364 1678 et
384 1619 411 1677 in
433 1620 563 1696 speciem
584 1617 729 1679 diauomcs
749 1618 876 1679 incidere
891 1618 1048 1679 videantur.

411 1751 524 1813 oxvrr.
538 1750 689 1830 [curru]

379 1850 544 1901 TRAIANUS
562 1850 668 1900 PLlNlO
688 1849 713 1900 S.

10 1953 33 2007 i)
108 1947 211 2010 Merito
231 1951 341 2010 vereris
362 1968 399 2008 ne
420 1951 448 2008 in
470 1953 599 2028 speciem
625 1949 769 2011 dianomcs
789 1949 893 2009 incidat
912 1950 1049 2025 invitatio,

44 2051 120 2112 quae
135 2042 165 2093 et
183 2035 344 2093 innumero
359 2031 472 2091 modum
488 2033 604 2092 excedit
625 2041 654 2091 et
675 2035 755 2110 quasi
770 2049 825 2109 per
839 2049 978 2110 corpora,
994 2049 1050 2091 nou

41 2119 150 2177 viritim
172 2115 301 2192 singulos
323 2132 361 2174 ex
380 2116 494 2193 notitia,
515 2114 550 2174 ad
571 2114 726 2176 sollemnes
742 2113 885 2193 sportulas
901 2115 1048 2174 contrabit.

44 2200 105 2262 Sed
122 2217 178 2278 ego
198 2197 264 2259 ideo
280 2198 459 2278 prudentiam
479 2208 554 2258 tuam
569 2198 647 2276 elegi
668 2207 698 2258 ut
719 2196 873 2258 formandis
888 2199 969 2259 istius
984 2214 1049 2276 pro·

43 2287 157 2346 vinciae
178 2283 304 2344 moribus
324 2285 389 2362 ipse
411 2282 599 2343 moderareris
618 2291 648 2342 et
668 2300 703 2343 ea
721 2283 911 2342 constitueres
928 2300 1000 2360 quae
1015 2280 1050 2341 ad

10 2377 29 2426 5
45 2379 214 2449 perpetuam
229 2370 291 2429 eius
305 2367 471 2447 provinciae
487 2369 613 2448 quictem
627 2376 726 2429 essent
741 2365 895 2446 profutura.

392 2498 519 2564 oxvru.
544 2464 711 2581 [cumin]

271 2602 297 2653 C·
315 2603 441 2654 PLlNIUS
461 2602 608 2654 TRAIANO
625 2600 831 2652 IMPERATORL

109 2703 257 2781 Athletae,
270 2703 395 2782 dominc,
409 2723 444 2764 ea
455 2723 528 2784 quae
540 2722 593 2784 pro
604 2704 758 2765 iselasticis
772 2702 971 2764 certaminibus
984 2718 1050 2762 oon·
1063 2719 1076 2770 1

10 2808 35 2860 o
46 2790 162 2854 stituisti
179 2786 279 2848 deberi
291 2788 345 2849 sibi
362 2797 460 2867 putant
475 2791 568 2851 statim
584 2807 622 2848 ex
638 2805 673 2848 eo
692 2789 738 2849 die
756 2805 812 2867 quo
828 2796 892 2847 sunt
908 2787 1048 2847 coronati:

44 2872 114 2947 nibil
132 2872 206 2932 enim
220 2870 331 2931 referre
348 2872 459 2950 quando
474 2873 530 2933 siut
541 2873 786 2951 patriaminvecti‚
802 2871 854 2931 sad
865 2870 977 2950 quaudo
990 2888 1052 2929 cer-

46 2960 149 3020 tamine
176 2956 313 3033 viceriut‚
341 2974 377 3015 ex
398 2973 454 3035 quo
481 2957 576 3016 invebi
598 2957 718 3035 possint.
750 2954 815 3033 Ego
838 2965 934 3015 contra
957 2953 1051 3013 scribo

47 3041 198 3103 ‘iselastioi
218 3043 360 3102 nomine’:
385 3048 403 3109 †
416 3041 513 3118 itaque
529 3057 627 3099 eorum
641 3040 828 3100 vehementer
843 3037 1004 3098 addubitem
1017 3055 1052 3094 an

46 3127 84 3188 sit
99 3125 194 3205 potius
209 3125 237 3185 id
250 3135 364 3203 tempus
380 3141 437 3202 quo
459 3117 637 3202 adonibesec
657 3123 829 3184 intuendum.
862 3120 951 3181 lidem
965 3121 1076 3186 obsoa

10 3214 91 3273 buia
105 3219 206 3290 petunt
220 3228 273 3289 pro
293 3226 328 3269 eo
345 3224 438 3286 agone
456 3210 503 3286 qui
524 3217 584 3268 ate
598 3207 761 3269 iselasticus
776 3207 868 3266 iactus
884 3213 939 3280 est,
956 3220 1051 3282 quarn·

45 3298 91 3355 vis
106 3296 227 3356 vicerint
242 3302 307 3354 ante
323 3311 406 3372 quam
421 3292 513 3353 beret.
532 3292 618 3352 Aiunt
633 3294 706 3352 enim
722 3307 884 3368 congruens
900 3305 979 3364 esse,
996 3289 1052 3346 sic·

46 3388 156 3439 utnon
179 3378 262 3439 detur
281 3377 334 3439 sibi
359 3394 411 3455 pro
433 3375 477 3436 bis
499 3377 700 3437 certaminibus
724 3393 797 3453 quae
817 3392 884 3434 esse
906 3370 1051 3432 iselastica

47 3472 198 3544 postquam
214 3464 342 3523 vicerunt
360 3462 516 3539 desierunt,
532 3463 569 3521 ita
585 3477 637 3539 pro
653 3461 687 3520 iis
703 3458 760 3518 dari
775 3475 847 3536 quae
860 3475 927 3518 esse
945 3472 1052 3536 coepe·
