2588 4116
432 203 698 268 EPISTULARUM
719 210 740 270 l.
762 220 787 272 3.
804 219 829 271 4.
847 223 872 273 5.
1140 217 1160 278 3

153 356 265 435 quando
281 357 309 415 iu
326 366 425 417 nostra
441 358 612 420 deverteris.
650 359 735 433 Quod
748 361 834 422 velim
851 362 957 442 iacias,
980 367 1115 445 primum,
1131 379 1161 429 ut

152 439 272 519 perinde
293 442 399 502 nostris
421 443 509 504 rebus
531 461 565 503 ac
580 461 633 504 nos
650 446 706 506 tuis
722 445 896 525 perfruaris,
918 448 1037 528 deiude,
1059 460 1089 511 ut
1104 453 1160 512 mei

153 525 391 602 expergiscantur
407 523 576 605 aliquando,
600 529 648 607 qui
663 546 709 589 me
723 547 828 590 secure
844 548 878 590 ac
891 549 984 611 prope
1001 534 1160 611 neglegen-

151 616 197 666 ter
219 618 383 687 expectant.
416 607 488 669 Nam
505 611 611 671 mitium
626 610 803 673 dominorum
813 611 890 692 apud
901 632 1003 677 servos
1017 617 1078 696 ipsa
1091 626 1207 679 eon-4·

126 691 304 752 asuetudiue
319 701 413 771 metus
434 693 591 773 exolescit,
618 696 790 759 novitatibus
811 698 971 758 excitantur
990 700 1160 778 probarique

153 772 272 836 dominis
288 794 341 854 per
355 774 427 837 alios
442 780 533 855 magis
549 796 632 856 quam
649 798 702 859 per
717 781 799 859 ipsos
814 777 952 842 laborant.
989 780 1068 844 Vale.

639 914 673 972 V.

354 1011 381 1060 C.
400 1012 526 1063 PLINIUS
544 1011 686 1063 VOCCNIC
704 1013 839 1063 ROMANO
857 1013 916 1065 SUO
932 1013 958 1064 S.

106 1125 142 1176 10
212 1111 351 1174 Vidistine
367 1132 535 1194 quemquam
544 1113 583 1175 Μ.
595 1114 709 1194 Regulo
723 1118 892 1179 timidiorem
904 1117 1081 1180 humiliorem
1093 1129 1181 1198 postl

149 1193 302 1256 Domitiani
323 1195 464 1258 mortem?
486 1199 539 1258 sub
562 1216 619 1278 quo
641 1217 698 1260 uon
719 1202 827 1261 minora
851 1201 957 1278 flagitia
980 1205 1160 1263 commiserat
1226 1199 1230 1205 ’

151 1297 233 1357 quam
249 1281 303 1341 sub
320 1279 454 1358 Nerone,
470 1282 523 1342 sed
539 1283 670 1342 tectiora.
704 1281 809 1363 Coepit
823 1285 920 1344 vereri
933 1303 970 1345 ue
985 1286 1039 1345 sibi
1053 1288 1160 1345 irasce-

148 1382 213 1432 rcr;
233 1382 290 1423 nec
304 1362 472 1441 fallebatur,
488 1365 645 1425 irascebar.
679 1364 791 1426 Rustici
806 1364 926 1425 Aruleni
942 1366 1100 1444 periculum
1115 1367 1182 1429 loa

150 1455 249 1523 verat,
267 1445 443 1508 exultaverat
457 1457 568 1525 morte,
584 1448 656 1509 adeo
671 1459 701 1509 ut
717 1447 820 1510 librum
836 1450 972 1510 recitaret
988 1449 1160 1529 publicaret·

105 1547 139 1598 15
151 1533 220 1608 que,
235 1531 263 1589 iu
279 1548 336 1609 quo
350 1529 498 1592 Rusticum
512 1533 668 1592 insectatur
681 1542 767 1612 atque
782 1535 867 1593 etiam
882 1531 1043 1594 Stoicorum
1054 1535 1160 1594 simiam

150 1613 291 1693 appellat;
313 1613 398 1675 adicit
413 1613 563 1676 Vitelliano
579 1617 713 1678 cicatrice
728 1618 905 1694 stigmosuur.
934 1617 1080 1695 Agnoscis
1099 1617 1185 1678 elo-3

151 1700 293 1776 quentiam
307 1697 423 1777 Reguli.
446 1698 565 1761 Lacerat
580 1698 754 1761 Herennium
768 1700 971 1778 Senecionem,
992 1711 1049 1762 tarn
1059 1704 1158 1762 intem-

149 1792 284 1861 peranter
296 1783 410 1861 quidem
421 1791 452 1843 ut
463 1783 565 1845 dixerit
583 1785 610 1843 ei
627 1783 733 1846 bletius
748 1781 838 1845 Carus
854 1784 935 1862 ‘quid
947 1785 999 1845 tibi
1012 1803 1075 1845 cum
1086 1789 1158 1845 meis

149 1863 289 1928 mortuis?
318 1868 453 1946 numquid
473 1886 538 1945 ego·
553 1865 660 1930 Crasso
674 1879 721 1929 aut
737 1865 888 1929 Camerino
905 1867 1045 1930 molestus
1062 1867 1157 1929 suml'

104 1969 141 2020 20
150 1968 221 2028 quos
236 1949 286 2012 ille
302 1951 355 2012 sub
369 1950 487 2012 Nerone
502 1962 697 2013 accusaverat.
728 1950 808 2013 llaec
821 1970 867 2011 me
882 1950 1011 2030 Regulus
1028 1952 1183 2013 dolenter4

148 2033 250 2095 tulisse
271 2035 418 2111 credebat,
434 2034 560 2112 ideoque
576 2037 660 2094 etiam
677 2053 741 2095 curu
755 2038 892 2096 recitaret
908 2033 1021 2112 librum,
1037 2053 1093 2095 nou
1111 2037 1157 2094 ad-

147 2117 290 2178 hibuerat.
316 2116 470 2176 Praeterea
482 2117 719 2176 reminiscebatur
733 2135 816 2193 quam
833 2117 992 2195 capitaliter
1005 2121 1099 2196 ipsum
1112 2137 1158 2176 me

149 2199 226 2279 apud
248 2199 439 2259 centumviros
461 2196 640 2259 lacessisset.
673 2198 798 2258 Aderam
817 2198 1007 2275 Arrionillae,
1033 2200 1181 2260 Timoniss

148 2283 241 2360 uxori,
255 2289 357 2360 rogatu
371 2279 491 2342 Aruleni
506 2279 617 2342 Rustici
623 2303 631 2350 ;
652 2278 782 2357 Regulus
801 2289 908 2340 contra.
931 2278 1097 2340 Nitebamur
1107 2299 1159 2339 nos

103 2370 178 2436 25iu
193 2376 275 2446 parte
291 2383 394 2427 causae
408 2367 550 2426 sententia
564 2362 633 2425 lleti
648 2362 788 2440 Modesti,
805 2364 904 2442 optimi
920 2364 1033 2436 virizis
1049 2372 1117 2423 tunc
1132 2366 1160 2421 in

150 2450 237 2511 exilio
252 2459 324 2528 erat,
340 2468 356 2510 a
372 2448 533 2511 Domitiano
548 2448 704 2528 relegatus.
723 2446 805 2509 Ecce
819 2446 871 2508 tibi
882 2445 1013 2527 Regulus
1027 2452 1158 2526 ‘quaero'

149 2536 250 2614 inquit,
267 2533 425 2612 ‘Secunde
448 2533 516 2613 quid
531 2533 567 2594 de
581 2531 716 2595 Modesto
734 2535 863 2593 sentias'.
884 2530 976 2592 llides
992 2531 1070 2610 quod
1084 2533 1159 2609 peri·

151 2619 255 2697 culum,
276 2620 300 2678 si
314 2617 530 2698 respondissem
543 2618 656 2696 ‘bene',
672 2615 749 2697 quod
760 2615 907 2694 flagitium,
924 2617 948 2675 si
961 2614 1070 2676 ‘male’.
1095 2614 1159 2675 Non

149 2720 268 2782 possum
283 2701 380 2762 dicere
395 2701 471 2762 aliud
485 2711 554 2761 tunc
567 2700 634 2761 mibi
650 2718 733 2780 quam
751 2700 822 2760 deos
843 2699 980 2761 adfuisse.
1015 2698 1159 2778 ‘Respon-

105 2785 238 2854 sodebo'
254 2787 368 2865 inquam
383 2789 420 2846 ‘si
440 2784 477 2846 de
498 2784 554 2845 boc
570 2785 736 2845 centumviri
757 2783 904 2844 iudicaturi
922 2789 1011 2846 suut’.
1047 2782 1158 2844 Rursus

150 2868 201 2929 ille
219 2873 338 2949 ‘quaero
361 2868 428 2948 quid
451 2868 487 2928 de
502 2866 635 2928 blodesto
656 2869 784 2927 sentias'.
820 2865 927 2927 lterum
940 2884 997 2945 ego
1014 2866 1183 2931 ‘solebauttt

150 2963 242 3015 testes
257 2956 286 3012 iu
299 2971 382 3030 reos,
404 2971 460 3012 uon
477 2951 665 3012 indamnatos
682 2952 875 3028 interrogari.
910 2948 1006 3009 Tertio
1022 2949 1072 3010 ille
1088 2955 1157 3009 ‘non

150 3040 205 3098 iarn
222 3037 289 3116 quid
303 3036 341 3097 de
361 3034 512 3112 lllodest0,
536 3034 589 3094 sed
610 3032 677 3113 quil
698 3032 734 3094 de
756 3035 863 3113 pietate
884 3032 1010 3094 blodesti
1026 3036 1155 3094 sentias'.

151 3120 297 3194 ‘Quaeris'
311 3123 424 3200 iuquam
439 3117 519 3197 ‘quid
530 3119 663 3179 seutiam:
686 3127 714 3179 at
727 3135 784 3195 ego
798 3137 834 3178 ue
849 3120 1028 3194 interrogare
1044 3116 1181 3194 quideru't

106 3204 195 3270 abias
212 3213 281 3284 puto
297 3203 333 3264 de
353 3220 410 3283 quo
431 3203 640 3282 pronuntiatum
654 3207 722 3263 est'.
745 3198 906 3261 Conticuit:
922 3217 967 3257 me
979 3197 1041 3257 laus
1053 3205 1082 3256 et
1093 3215 1157 3274 gra·

150 3288 251 3350 tulatio
265 3297 365 3349 secuta
380 3295 436 3366 est,
452 3284 530 3364 quod
542 3303 598 3346 uec
609 3285 709 3346 lamam
720 3302 810 3345 meam
820 3285 914 3363 aliquo
927 3297 1081 3358 responso,
1096 3280 1157 3340 utili

151 3374 295 3450 fortasse,
313 3371 465 3432 inhonesto
479 3370 589 3447 tumen,
611 3369 751 3445 laeseram
764 3385 819 3427 nec
833 3364 1004 3443 meqlaquets
1021 3374 1077 3425 tam
1089 3367 1156 3426 insi·
1213 3382 1216 3387 ·

153 3457 251 3517 diosae
265 3455 494 3533 interrogationis
508 3453 692 3513 involuerum.
720 3450 803 3511 Nunc
819 3466 891 3528 ergo
912 3451 1087 3594 coulspieutia
1107 3459 1182 3511 ex-8

577 3610 592 3641 Ο
