2588 4116
409 203 671 266 EPISTULARUM
685 202 708 263 I.
730 216 773 267 m.
788 214 830 268 aa.
844 215 887 268 24.
1107 206 1147 269 il

149 373 212 414 oum
227 353 339 432 multis,
362 353 522 416 deliberare
537 372 607 415 vero
622 365 651 416 et
667 373 766 417 causas
782 358 842 417 eius
858 356 1040 436 expendere,
1062 369 1149 438 utque

148 439 269 510 suaserit
284 439 367 516 ratio,
383 441 458 498 vitae
474 442 630 517 monthsque
643 438 792 500 consilinm
806 438 853 499 vel
869 443 1016 519 suscipere
1034 442 1080 503 vel
1096 460 1149 522 po·

148 538 217 581 nero
229 522 352 598 ingentis
367 532 412 583 est
426 525 518 583 animi.
552 521 590 582 Et
604 521 706 582 medici
722 521 836 601 quidem
850 524 975 584 secunda
988 526 1071 588 nobIs
1086 525 1190 604 pol-11

147 604 284 665 licentur:
301 614 434 685 superest
449 615 478 665 ut
494 606 640 685 promissis
656 604 727 666 deus
742 605 844 667 adnuat
855 606 1024 685 tandemque
1039 627 1084 670 me
1095 609 1149 671 hac

124 686 341 749 5sollicitudine
357 688 501 758 exsolvam
527 707 581 768 qua
601 688 737 749 liberatus
752 688 949 749 Laurentinum
962 708 1071 768 meum,
1093 691 1149 752 hoc

148 780 193 831 est
208 769 324 832 libellos
340 781 369 831 et
389 772 547 852 pugillares
562 771 776 851 studiosumque
792 774 878 833 otium
896 783 1035 851 repetam.
1068 773 1150 834 Nunc

148 855 222 914 enim
237 854 305 914 nihil
320 855 438 933 legere,
462 855 530 916 nihil
552 857 680 917 sc'ribere
696 865 743 916 aut
759 855 897 917 adsidenti
910 867 992 918 vacat
1007 866 1054 917 aut
1067 859 1150 916 anxio

146 936 228 998 libet.
247 937 343 1000 llabes
356 938 422 1017 quid
435 942 558 1018 timeam,
578 938 644 1017 quid
660 948 767 1018 optem,
781 939 848 1018 quid
862 941 946 1000 etiam
960 943 989 1000 in
1004 951 1150 1019 posterum
1160 953 1196 1007 12

148 1019 287 1082 destinam
297 1043 303 1082 :
315 1031 346 1082 tu
362 1022 429 1102 quid
444 1025 551 1101 egeris,
567 1022 634 1102 quid
648 1040 727 1101 agas,
744 1022 811 1101 quid
827 1022 898 1084 velis
912 1041 1013 1101 agere,
1028 1025 1151 1085 invicem

105 1105 242 1183 nononis,
255 1104 307 1166 scd
319 1105 484 1168 laetioribus
495 1106 625 1186 epistulis
637 1107 740 1166 scribe.
756 1105 818 1168 Erit
831 1106 991 1168 confusioni
1002 1126 1082 1169 meae
1094 1125 1152 1168 non

147 1188 293 1249 mediocre
308 1188 455 1269 solacium,
471 1191 496 1251 si
510 1200 541 1250 tu
554 1189 621 1250 nihil
637 1190 776 1266 querens.
812 1188 894 1250 Vale.

598 1303 704 1363 IIIIIII.

345 1401 372 1452 o.
392 1401 515 1450 ruinius
534 1400 674 1451 comparo
693 1399 832 1451 nnnoom
850 1397 909 1449 suo
927 1398 952 1448 a.

211 1484 344 1545 Consulis
360 1503 395 1545 an
410 1487 570 1546 existImem
583 1496 612 1546 te
627 1487 655 1544 in
667 1486 808 1545 tribunatu
824 1503 923 1548 causas
934 1503 1021 1563 agere
1034 1486 1176 1553 doberan

106 1579 139 1629 15
148 1568 299 1628 Plurimum
318 1569 408 1628 refert
424 1570 574 1647 quidesse
589 1569 758 1630 tribunatum
773 1579 875 1649 putes,
898 1572 1010 1630 inanem
1026 1571 1151 1631 umbram

149 1661 177 1712 et
193 1654 255 1712 sine
270 1650 378 1713 honore
394 1670 496 1714 nomen
510 1671 545 1714 an
566 1662 738 1731 potestatem
752 1663 962 1715 sacrosanctam
979 1662 1105 1732 olquam
1121 1657 1150 1715 in

149 1735 276 1796 ordinem
291 1737 357 1814 cogi
373 1745 403 1795 ut
418 1755 434 1798 a
450 1735 528 1797 nullo
539 1738 576 1797 ita
590 1756 626 1796 ne
642 1755 659 1797 a
679 1755 712 1797 se
728 1735 842 1815 quidem
863 1737 975 1798 deceat.
1001 1735 1069 1816 lpse
1086 1751 1176 1802 cumn

147 1821 276 1880 tribunus
293 1838 400 1896 essem,
415 1822 568 1880 erraverim
583 1821 705 1880 fortasse
721 1822 769 1898 qui
789 1838 834 1880 mc
850 1819 957 1900 aliquid
972 1824 1079 1900 putavi,
1098 1822 1151 1883 sed

147 1912 288 1982 tamquam
302 1921 413 1980 essem,
428 1905 550 1965 abstinui
566 1906 658 1964 causIs
673 1903 805 1981 agendis:
821 1906 951 1983 primum,
968 1904 1044 1984 quod
1056 1905 1151 1964 defor-

104 1998 194 2049 home
209 1986 381 2063 arbitrabar,
402 1986 448 2046 oui
466 1985 638 2063 adsurgere,
661 1989 707 2046 cui
722 1986 788 2046 loco
805 1987 910 2048 cedere
929 1991 1019 2049 amula
1036 1999 1151 2067 oporte·

147 2079 211 2144 ret,
232 2069 306 2127 hunc
323 2067 452 2127 omnihus
467 2067 633 2128 sedentibus
649 2079 740 2136 stare;
764 2079 794 2128 et
810 2072 858 2147 qui
873 2070 974 2130 iubere
995 2081 1097 2150 posset
1111 2080 1151 2131 ta·

150 2167 218 2210 cera
236 2165 460 2226 quemcumque,
481 2150 547 2207 huic
565 2148 707 2208 silentium
724 2149 876 2226 clepsydra
896 2152 996 2221 indici;
1024 2165 1052 2213 et
1067 2173 1153 2232 quem

149 2231 277 2292 interfari
293 2229 373 2290 nefas
395 2240 489 2306 esset,
511 2229 586 2290 hunc
601 2233 686 2290 etiam
699 2233 831 2291 convicia
843 2231 958 2307 audire,
976 2244 1005 2293 et
1027 2237 1052 2295 si
1066 2236 1153 2294 inulta

148 2324 305 2396 pateretur,
320 2315 450 2390 inertem,
466 2315 492 2376 si
504 2313 703 2390 ulcisceretur,
719 2313 890 2374 insolentem
903 2314 1003 2373 videri·
1024 2315 1093 2375 Erat
1105 2317 1176 2380 hice

105 2406 139 2458 25
149 2417 263 2477 quoque
278 2405 375 2459 aestus
390 2407 455 2458 ante
470 2397 583 2475 oculos,
597 2398 623 2457 si
638 2396 712 2458 forte
727 2397 772 2457 me
783 2396 959 2477 appellasset
976 2397 1024 2458 vel
1039 2397 1089 2458 ille
1107 2402 1152 2458 cui

149 2481 280 2543 adessem
302 2479 349 2540 vel
370 2480 521 2560 illaquam
542 2489 656 2559 contra,
678 2480 887 2542 intercederem
902 2490 931 2542 et
946 2481 1080 2542 auxilium
1097 2483 1153 2543 fer·

44 2574 46 2580 “
149 2584 226 2642 rem,
253 2583 288 2625 an
309 2565 492 2641 quiescerem
512 2564 686 2643 sileremque
711 2575 740 2626 et
762 2566 843 2643 quasi
863 2566 971 2626 eiurato
988 2568 1151 2645 magistratu

149 2650 287 2727 privatum
302 2649 366 2724 ipse
379 2667 425 2710 me
440 2650 576 2711 facerem.
598 2648 649 2709 His
663 2649 818 2710 rationibus
829 2658 933 2727 motus,
946 2649 1030 2711 malui
1041 2670 1088 2711 me
1102 2653 1176 2712 tri-4

150 2733 253 2792 bunum
268 2731 397 2792 omnihus
413 2732 552 2793 exhihere
567 2751 649 2811 quam
660 2733 760 2812 paucis
772 2732 948 2795 advocatum.
971 2732 1030 2794 Sed
1043 2744 1084 2812 tu,
1099 2735 1176 2795 ite-5

107 2823 210 2878 borum
231 2814 337 2891 dicam,
363 2816 513 2894 plurimum
538 2818 657 2877 interest
681 2816 749 2894 quid
774 2835 841 2881 essa
865 2818 1035 2878 tribunatum
1055 2829 1152 2896 putes,

152 2916 233 2977 quam
247 2915 398 2978 personam
413 2900 466 2960 tihi
478 2900 607 2978 inponas,
624 2918 696 2978 quac
709 2900 831 2979 sapienti
845 2901 907 2960 viro
922 2902 960 2962 ita
974 2901 1093 2981 aptanda
1108 2910 1153 2962 est

151 2991 181 3042 nt
195 2982 364 3060 perferatur.
395 2982 477 3042 Vale.

91 3060 94 3065 '
590 3063 711 3124 XXllll.

359 3163 387 3212 G.
406 3162 532 3214 PLINIUS
549 3164 664 3215 ΒΑΕΒΙΟ
681 3164 818 3214 HISPANO
837 3163 898 3215 SIIo
917 3163 944 3215 S.

106 3263 142 3318 35
212 3253 402 3334 Tranquillus,
420 3256 630 3319 contubernalis
644 3272 735 3333 meus,
751 3256 812 3317 vult
824 3273 920 3316 emere
932 3253 1057 3331 agellum
1068 3267 1174 3331 quemI

150 3337 297 3399 venditare
314 3339 420 3399 amicus
444 3347 507 3399 tuus
522 3339 633 3399 dicitur.
662 3339 746 3415 Rogo
762 3357 847 3399 cures
862 3337 957 3416 quanti
972 3352 1092 3416 aequom
1108 3347 1176 3399 esth

152 3430 238 3483 emat:
251 3423 289 3483 ita
300 3423 374 3482 enim
387 3421 541 3483 delectabit
557 3425 672 3483 emIsse.
694 3422 764 3482 Nam
777 3420 849 3480 mala
864 3421 969 3499 emptio
984 3438 1099 3498 semper
1114 3423 1153 3480 in·
