2588 4116
197 223 258 284 ais
623 218 656 281 0.
678 216 772 282 PLlllI
1246 39 1266 346 Ι

197 374 332 433 absentes
348 376 375 432 in
392 372 514 433 consilio
532 372 625 433 habet.
650 371 746 431 Tertio
762 370 895 430 consules
909 369 980 430 fecit
993 386 1068 449 quos
1083 387 1139 430 vos
1152 370 1206 431 ele·

197 460 319 535 geratis,
343 466 371 517 et
386 456 456 517 lecit
472 457 527 515 hoc
544 455 641 515 ordine
657 472 713 533 quo
730 454 847 514 electio
868 454 951 515 uobis
967 460 1058 513 erant.
1088 452 1205 532 Magnus
1250 525 1253 532 Ι

199 544 295 619 utique
311 541 401 601 bonor
414 550 529 618 vester,
547 542 608 599 sive
623 539 741 599 eosdem
754 538 872 598 maxime
883 536 975 614 diligit
994 554 1070 615 quos
1087 540 1146 598 scit
1160 556 1205 597 vc·

199 626 242 683 bis
264 643 330 685 esse
352 627 529 700 carissimos,
545 625 606 683 sive
621 623 677 681 illis
692 623 832 682 nemiuem
846 620 989 701 praefert,
1012 623 1145 699 quamvis
1161 620 1205 681 ali·
1251 692 1255 701 Ι

199 726 282 786 quem
298 711 388 785 magis
401 719 488 768 amet:
516 708 661 785 proposita
673 715 737 765 sunt
753 705 912 764 senioribus
929 707 1075 783 praemia,
1099 708 1222 767 iuveni-i
1252 704 1256 711 '

199 794 250 852 bus
266 792 410 869 exempla:
433 791 547 867 adeant,
570 791 750 869 frequentent
766 807 881 848 securas
896 788 1008 848 tandem
1023 806 1059 847 ac
1076 799 1203 865 patentes

198 875 314 935 domos:
341 876 468 953 quisquis
484 875 619 952 probatos
636 875 744 933 senatui
761 875 837 931 viros
856 872 993 950 suspicit,
1022 871 1071 930 lric
1086 875 1202 932 maxime

197 960 355 1038 principem
366 966 553 1036 promeretur.
576 960 636 1017 Sibi
648 960 721 1017 enim
735 956 906 1015 adcrescere
919 962 1000 1033 putat
1011 955 1090 1033 quod
1104 958 1201 1034 cuique

197 1040 370 1116 adstruatur,
387 1040 548 1119 nullamque
561 1042 589 1099 iu
602 1059 638 1100 eo
651 1040 768 1117 gloriam
780 1041 859 1117 ponit
871 1037 948 1117 quod
959 1041 996 1097 sit
1006 1039 1140 1098 omnibns
1152 1058 1201 1098 ma·

196 1124 256 1199 ior,
272 1125 325 1181 nisi
341 1126 452 1183 maximi
467 1123 570 1183 luerint
587 1124 688 1201 quibus
703 1125 791 1181 maior
806 1130 861 1182 est.
891 1120 1008 1199 Persta,
1031 1121 1158 1199 Caesar,
1178 1125 1232 1183 init

197 1209 249 1266 ista
265 1209 373 1267 ratione
390 1209 543 1286 propositi,
560 1206 690 1285 talesque
701 1225 754 1266 nos
772 1204 857 1265 crede
873 1203 963 1283 qualis
980 1204 1056 1266 lama
1067 1208 1203 1284 cuiusque

197 1299 250 1351 est.
267 1289 338 1349 Huic
352 1310 445 1369 aures,
459 1292 524 1351 lruic
537 1291 636 1351 oculos
648 1289 775 1350 intende:
788 1308 823 1348 ne
836 1290 1001 1365 respexeris
1013 1288 1201 1349 clandestinas

197 1377 417 1435 existimationes
438 1375 580 1454 nullisque
592 1376 682 1451 magis
695 1390 777 1450 quam
788 1371 964 1431 audientibus
976 1371 1147 1432 insidiantes
1160 1392 1200 1433 su·

197 1454 1199 1537 sumosbleliusomnibusquamsinguliscreditur.Singulienimdeci·
1263 1522 1269 1549 ι

197 1538 1231 1620 perectdecipipnssuntmemoomnes,neminemomuesieiellerunt.lt

144 1630 186 1693 63
261 1624 402 1684 Revertor
423 1627 476 1684 iam
495 1625 530 1685 ad
548 1624 722 1684 consulatum
742 1632 834 1699 tuum,
861 1623 917 1682 etsi
933 1631 998 1681 sunt
1015 1621 1155 1701 quaedam
1169 1622 1199 1682 ad

198 1707 373 1768 consulatum
391 1707 503 1786 quidem
515 1710 699 1785 pertinentia,
718 1716 781 1765 ante
791 1704 968 1765 consulatum
979 1714 1090 1775 tamem
1106 1708 1135 1765 in
1146 1707 1198 1784 pri·

196 1792 248 1847 mis
271 1791 346 1866 quod
375 1792 495 1849 comitiis
516 1791 572 1850 tuis
595 1789 745 1849 interluisti
767 1788 929 1851 candidatus
952 1805 1010 1849 non
1037 1788 1195 1849 consulatus

195 1881 300 1930 tantum
315 1871 368 1931 sed
382 1872 584 1933 inmortalitatis
601 1882 630 1931 et
644 1873 752 1949 gloriae
769 1882 798 1931 et
813 1871 936 1948 exempli
952 1872 1032 1949 quod
1046 1889 1195 1948 sequeren-

195 1965 239 2014 tur
255 1956 400 2034 principes
415 1957 498 2034 bnni,
515 1957 579 2016 mali
591 1959 763 2016 mirarentur.
786 1955 862 2014 Vidit
878 1964 907 2015 te
919 1954 1231 2034 populusllomanusit
1247 1999 1250 2017 .
1289 2019 1292 2041 ,

195 2042 222 2098 in
238 2038 286 2098 illa
301 2049 401 2100 vetere
419 2043 570 2119 potestatis
588 2058 656 2099 suae
672 2039 758 2100 sede:
775 2056 932 2116 perpessus
951 2057 984 2098 es
997 2038 1117 2117 longum
1131 2038 1196 2097 illud
1288 2054 1292 2066 ·

197 2141 308 2184 carmen
324 2126 499 2184 comitiorum
513 2144 568 2185 nec
582 2126 636 2182 iam
650 2121 821 2183 incidendam
835 2138 958 2199 moram,
982 2121 1144 2201 consulque
1158 2124 1195 2183 sic

195 2206 286 2267 factrus
301 2227 332 2267 es
348 2218 378 2267 ut
394 2228 464 2268 unus
482 2228 517 2268 ex
531 2209 632 2283 nobis,
650 2225 722 2285 quos
741 2206 810 2265 iacis
829 2205 974 2264 consules.
998 2204 1114 2278 Quotus
1126 2207 1196 2284 quis·

196 2309 250 2368 que
266 2294 423 2370 principum
439 2292 666 2352 antecedentium
678 2290 813 2350 honorem
824 2291 907 2348 istum
922 2297 969 2347 aut
982 2288 1144 2349 consulatui
1155 2290 1196 2348 ba·
1247 2313 1263 2362 μ

195 2376 253 2434 buit
268 2385 314 2435 aut
331 2373 460 2454 populo?
479 2375 549 2435 Nam
565 2374 611 2434 alii
622 2373 737 2433 marcidi
748 2390 848 2432 somno
865 2372 1055 2450 hesternaque
1067 2391 1140 2433 cena
1156 2376 1229 2432 reis
1283 2438 1288 2453 ι

195 2458 350 2519 dundantes
367 2461 543 2518 comitiorum
556 2476 669 2518 suorum
684 2459 796 2516 nuntios
813 2456 1052 2534 opperiebantur,
1067 2455 1117 2515 alii
1131 2474 1198 2515 sane
1245 2516 1253 2540 -.

196 2541 351 2617 pervigiles
369 2552 397 2600 et
417 2545 577 2617 insomnes,
598 2540 649 2598 sed
664 2542 734 2597 intra
751 2539 853 2599 cubilia
870 2557 920 2598 sua
934 2539 990 2598 illis
1006 2541 1081 2617 ipsis
1097 2557 1197 2599 consu·

195 2622 268 2682 libus
281 2640 296 2680 a
309 2624 410 2699 quibus
427 2622 561 2683 consules
574 2623 802 2682 renuntiabantur
813 2623 898 2682 exilia
913 2630 941 2681 et
960 2622 1078 2683 caedem
1094 2623 1198 2683 machi·

194 2705 338 2764 nabantur.
363 2704 483 2782 Oprava
500 2715 528 2764 ct
542 2707 629 2765 inscia
643 2724 729 2765 verae
744 2708 896 2766 maiestatis
911 2706 1044 2783 ambitio,
1062 2708 1198 2785 concupi·

194 2805 278 2848 scere
293 2788 430 2846 honorem
447 2806 529 2865 quem
547 2788 725 2868 dedigneris,
742 2789 887 2867 dedignari
903 2807 986 2867 quem
1002 2792 1229 2870 concupieris,30
1246 2760 1260 2879 'l

195 2888 315 2947 cumque
332 2889 369 2929 ex
382 2873 515 2948 proximis
527 2873 615 2932 hortis
631 2890 760 2951 campum
776 2883 804 2932 et
821 2874 933 2933 comitia
948 2883 1141 2952 prospectes,
1158 2876 1199 2933 sic
1252 2890 1260 2971 p
1283 2879 1292 2898 ”

193 2955 228 3016 ab
244 2954 300 3014 illis
316 2954 436 3031 abesse,
459 2964 597 3035 tamquam
610 2955 740 3016 Danubio
756 2956 915 3034 Rhenoque
934 2956 1079 3017 dirimere!
1108 2956 1199 3017 Aver·
1257 2978 1260 2985 ·

194 3041 267 3100 seris
283 3047 312 3097 tu
327 3038 427 3098 honori
444 3049 493 3100 tuo
509 3050 622 3120 sperata
637 3041 786 3118 suffragia,
808 3040 1019 3116 renuntiarique
1041 3049 1070 3099 te
1095 3057 1198 3102 consu·

194 3122 250 3184 lem
266 3123 384 3184 iussisse
404 3134 569 3201 contentus,
594 3123 701 3184 liberae
717 3125 837 3184 civitatis
858 3143 893 3184 ne
914 3122 1124 3185 simulationem
1140 3126 1199 3202 qui·

193 3208 258 3268 dem
272 3205 395 3268 serves?
424 3208 566 3268 abstineas
581 3208 703 3287 denique
722 3210 860 3285 comitiis,
882 3207 1029 3268 abstrusus
1045 3217 1135 3285 atque
1150 3210 1233 3269 abts
1287 3268 1292 3290 ·.

20 3362 24 3369 ⁵
57 3260 186 3349 ..s
195 3290 284 3367 ditus,
302 3292 382 3369 quasi
397 3291 455 3350 illic
468 3293 519 3351 tibi
535 3309 590 3352 non
609 3292 770 3352 consulatus
785 3292 883 3368 detur,
908 3290 959 3351 sed
976 3291 1136 3369 abrogetur
1150 3293 1200 3351 im·
1286 3297 1291 3314 ¹

195 3372 324 3448 perium?
353 3374 430 3434 llaec
445 3378 594 3453 persuasio
610 3376 818 3455 superbissimis
835 3374 953 3434 dominis
969 3384 1029 3434 crat
1039 3383 1070 3434 ut
1087 3375 1143 3435 sibi
1158 3378 1200 3435 vi-

196 3453 330 3515 derentur
348 3460 492 3538 principes
516 3479 581 3520 esse
603 3459 750 3538 desinere,
776 3460 800 3519 si
823 3458 889 3538 quid
910 3458 1038 3518 iacerent
1056 3467 1201 3539 tamquam

69 3710 141 3800 ἱ
