2588 4116
329 192 593 252 EPISTULARUM
613 193 703 254 Vllll.
726 205 770 259 27.
784 207 827 260 28.
839 206 883 261 29.
1053 199 1112 262 191

107 348 167 406 eius
184 347 211 403 in
227 344 311 405 aliurn
326 346 400 405 diem
414 355 619 407 reservaverat.
647 346 728 407 Ec'ce
742 351 823 408 amici
840 350 985 410 cuiusdam
1000 360 1140 416 orantem

106 430 351 508 obsecrantesque
366 447 402 489 ne
418 428 527 507 reliqua
542 432 685 490 recitaret.
713 430 817 492 Tantus
838 433 967 493 audiendi
983 453 1055 512 quae
1070 436 1112 494 fe-

107 515 198 573 cerint
216 514 308 590 pudor
319 514 423 592 quibus
435 511 529 572 nullus
542 511 666 573 faciendi
677 531 750 591 quae
763 515 860 576 audire
872 518 1056 578 erubescunt.
1075 519 1112 579 Et

104 594 154 655 ille
171 597 285 675 quidem
300 599 440 676 praestitit
457 595 534 675 quod
548 597 716 674 rogabatur:
732 600 843 659 sinebat
858 600 940 661 lides.
970 600 1055 662 liber
1072 613 1113 662 ta·

78 698 170 751 5men
184 690 215 739 ut
229 680 335 741 lactum
351 683 443 759 ipsum
458 691 562 757 manet,
578 681 700 741 manebit
711 681 883 762 legeturque
895 703 1020 763 semper,
1036 696 1113 746 tanto

104 767 213 842 magis,
238 767 375 844 quianon
396 767 498 824 statim.
533 763 687 825 Incitantur
708 769 782 826 enim
800 767 928 827 homines
949 769 984 829 ad
1006 788 1113 847 cogno-

105 848 212 908 scenda
228 867 300 926 quae
316 849 489 908 differuntur.
522 847 602 907 Vale.

540 982 672 1043 xxviii.

61 1109 95 1160 ,0
387 1080 414 1134 c.
432 1082 557 1132 rnuuus
574 1081 709 1132 nomano
726 1082 787 1133 suo
807 1081 833 1132 a.

167 1183 236 1242 Post
252 1182 369 1259 longum
383 1193 496 1262 tempus
508 1184 645 1263 epistulas
660 1195 734 1262 tuas,
751 1185 803 1246 sed
814 1195 873 1245 tres
885 1187 991 1264 pariter
1001 1187 1112 1263 recepi,

104 1284 202 1327 omnes
219 1264 447 1343 elegantissimas
463 1270 677 1344 amantissimas,
693 1279 723 1327 et
732 1267 831 1345 quales
842 1279 895 1328 ate
904 1271 1015 1345 venire,
1031 1287 1114 1347 prae·

103 1351 202 1410 sertim
214 1348 400 1427 desideratas,
417 1350 583 1428 oportebat;
600 1369 716 1429 quarum
732 1369 786 1410 una
798 1352 921 1427 iniungis
935 1350 1002 1410 mihi
1015 1353 1112 1410 iucun-

102 1433 247 1493 dissimum
262 1435 446 1493 ministerium
460 1444 491 1494 ut
515 1433 550 1494 ad
565 1434 720 1510 Plotinam,
743 1437 948 1495 sanctissimam
968 1434 1111 1510 feminam,

59 1530 92 1582 15
102 1516 214 1577 litterae
229 1527 295 1577 tuae
311 1518 506 1597 perferantur:
523 1517 712 1596 perferentur.
736 1517 844 1578 Eadem
860 1518 1042 1578 commendas
1058 1516 1139 1583 Poe

101 1600 198 1679 pilium
205 1602 403 1662 Artemisium:
419 1604 512 1662 statim
522 1602 651 1681 praestiti
666 1602 744 1681 quod
757 1602 882 1682 petebat.
906 1601 1018 1662 lndicas
1029 1603 1112 1662 etiam

100 1685 226 1746 modicas
241 1695 271 1745 te
289 1685 446 1747 vindemias
470 1685 642 1764 collegisse:
667 1688 822 1746 communis
836 1688 909 1746 haec
924 1686 991 1745 mihi
1005 1696 1112 1766 tecum,

100 1787 268 1847 quamquam
282 1770 310 1829 in
326 1769 520 1831 diversissima
536 1781 617 1851 parte
634 1779 783 1849 terrarum,
800 1769 928 1850 querella
940 1780 994 1831 est.
1014 1769 1140 1835 Altera3

101 1854 223 1932 epistula
242 1856 352 1915 nuntias
372 1853 460 1913 multa
481 1865 511 1914 te
532 1873 607 1915 nunc
629 1855 736 1916 dictare
760 1873 836 1915 nunc
857 1854 986 1914 scribere
1010 1855 1113 1933 quibus

56 1953 153 2006 sonos
167 1937 218 1996 tibi
233 1947 450 2016 repraesentes:
472 1940 578 2014 gratias
602 1955 672 2014 ago;
699 1957 816 2015 agerem
835 1941 942 2016 magis,
965 1941 1049 1998 sime
1065 1938 1114 2000 illa

100 2022 163 2099 ipsa
178 2037 251 2098 quae
267 2021 370 2080 scribis
388 2031 435 2081 aut
457 2020 547 2080 dictas
562 2020 664 2098 legere
678 2022 832 2082 voluisses.
864 2020 901 2080 Et
917 2031 977 2081 erat
991 2040 1113 2100 aequum

99 2113 130 2161 ut
150 2113 180 2161 te
201 2119 265 2164 mea
285 2105 323 2162 ita
345 2120 390 2163 me
413 2113 460 2162 tua
482 2106 588 2181 scripta
609 2121 807 2182 cognoscere,
836 2106 946 2165 etiamsi
973 2105 1008 2163 ad
1028 2104 1113 2165 alium

100 2204 184 2264 quam
198 2186 233 2246 ad
246 2203 292 2246 me
308 2182 492 2264 pertinerent.
522 2184 672 2247 Polliceris
687 2189 716 2246 in
730 2190 802 2263 line,
821 2205 885 2246 cum
900 2189 1007 2248 certius
1020 2187 1055 2247 dc
1071 2192 1139 2251 vi·4

98 2281 146 2332 tae
160 2281 276 2331 nostrae
291 2270 467 2331 ordinatione
490 2269 595 2351 aliquid
616 2271 756 2349 audieris,
780 2272 904 2331 futurum
918 2280 946 2332 te
962 2271 1112 2349 fugitivum

56 2365 91 2416 25
100 2357 142 2415 rei
162 2354 306 2416 familiaris
325 2358 476 2435 statimque
492 2355 528 2415 ad
542 2373 595 2415 nos
610 2354 820 2432 advolaturam,
838 2357 885 2434 qui
900 2357 954 2414 iam
968 2356 1019 2415 tibi
1036 2373 1112 2416 com-

100 2438 190 2517 pedes
205 2442 363 2518 nectimus,
387 2458 458 2521 quas
479 2440 662 2520 perfringere
683 2439 762 2499 nollo
777 2438 862 2499 modo
877 2441 981 2517 possis.
1016 2438 1138 2502 Pemiao

99 2522 223 2603 epistula
244 2524 408 2585 continebat
433 2543 500 2585 esse
522 2524 573 2585 tibi
594 2523 733 2584 redditam
757 2526 912 2585 orationem
936 2541 989 2601 pro
1012 2521 1110 2584 Clario

99 2624 220 2685 eamque
241 2609 330 2668 visam
348 2609 511 2669 uberiorem
533 2626 615 2687 quam
630 2607 744 2669 dicente
758 2628 821 2686 me,
844 2608 976 2669 audiente
991 2618 1032 2685 te,
1049 2608 1111 2669 iue-

98 2692 144 2750 rit.
178 2689 232 2749 Est
253 2691 384 2751 uberior:
410 2692 497 2753 multa
517 2695 592 2753 enim
613 2701 715 2770 postea
730 2695 847 2754 inserui.
880 2692 982 2754 Adicis
998 2693 1066 2754 alias
1081 2703 1111 2752 te

53 2774 209 2839 3olitteras
225 2776 366 2836 curiosius
383 2778 504 2856 scriptas
525 2778 652 2837 misisse:
674 2795 710 2837 an
724 2779 887 2858 acceperim
904 2780 1033 2857 quaeris:
1054 2794 1112 2837 non

98 2860 200 2937 accepi
222 2868 252 2918 et
272 2861 407 2939 accipere
427 2863 532 2938 gestio.
567 2859 688 2920 Proinde
711 2864 799 2941 prima
821 2880 934 2941 quaque
956 2863 1110 2922 occasione

98 2945 196 3020 mitte,
223 2943 361 3022 adpositis
378 2944 492 3024 quidem
509 2947 620 3022 usuris,
649 2964 718 3024 quas
740 2965 797 3024 ego
816 2949 898 3024 (num
912 2948 1027 3025 parcius
1042 2961 1111 3023 pos·

98 3025 198 3104 sum'l)
217 3030 389 3090 centesimas
406 3028 586 3109 computabo.
617 3027 701 3089 Vale.

529 3162 673 3223 XXVllll.

375 3262 403 3316 o.
423 3261 550 3313 PLINIUS
569 3260 702 3313 nusmoo
721 3258 781 3311 suo
802 3257 828 3308 s.

158 3366 196 3426 Ut
211 3368 299 3427 satius
314 3384 399 3427 unum
414 3366 521 3446 aliquid
535 3368 684 3443 insigniter
697 3364 795 3425 iacere
812 3379 895 3441 quam
915 3358 1034 3439 plurima
1050 3375 1134 3426 me·1

98 3448 244 3530 diocriter,
256 3453 294 3513 ita
306 3448 426 3535 plurima
435 3450 631 3530 mediocriter,
647 3451 671 3511 si
680 3466 737 3509 non
746 3450 841 3528 possis
853 3463 937 3507 unum
949 3445 1055 3525 aliquid
1065 3445 1106 3505 in·

1119 3720 1248 3884 Γ

53 3209 89 3263 35
