2588 4116
253 223 962 306 nnrsuunnnuuannena]spamam]
1048 228 1110 291 nor

99 391 156 435 non
174 384 285 436 temere
306 375 373 436 dare
396 379 545 456 proposui.
578 376 636 437 Sed
656 396 720 437 cum
739 377 924 458 Harpocrati,
951 379 1112 460 iatraliptae

98 468 165 537 tuo,
186 461 241 519 iam
261 461 404 522 civitatem
419 459 572 520 Romanam
592 462 799 539 impetraveris,
823 462 889 522 huic
905 456 1020 542 quoque
1037 467 1110 543 peti·

99 545 168 602 tioni
184 554 252 604 tuae
274 562 381 622 negare
397 561 454 604 non
476 547 613 605 sustineo.
647 543 690 604 Tu
711 564 749 605 ex
771 564 827 624 quo
849 563 934 606 nomo
956 550 993 609 sit
1014 558 1110 608 notum

99 627 165 687 mibi
181 627 278 687 iacere
296 627 435 705 debebis,
457 637 488 689 nt
510 627 660 707 epistulam
677 628 729 688 tibi
743 629 778 688 ad
792 629 959 710 Pompeium
975 631 1110 710 Plantam,

71 710 277 790 5praeieotnm
292 710 430 791 Aegypti,
447 713 567 771 amicum
580 729 686 790 meum,
701 713 816 773 mittam,

428 821 435 830 ’
483 845 559 906 vm.
582 845 726 925 [xmus]

320 945 347 995 0.
367 943 493 996 PLINIUS
511 944 654 995 TRAIANO
673 944 882 996 IMPERATORI.

164 1044 236 1107 Cum
250 1046 332 1106 divus
347 1056 430 1125 pater
445 1056 528 1123 tuus,
546 1046 669 1123 domine,
688 1056 716 1106 et
732 1048 858 1107 oratione
873 1047 1063 1126 pulcherrima
1079 1058 1134 1113 etl

59 1130 303 1198 lobonestissimo
320 1130 455 1207 exemplo
470 1146 569 1191 omnes
583 1133 663 1192 cives
678 1130 713 1189 ad
730 1132 950 1192 munificentiam
966 1140 1046 1193 esset
1061 1148 1109 1192 co-

98 1214 244 1290 hortatus,
264 1214 334 1291 petii
349 1212 383 1272 ab
402 1230 438 1272 eo
455 1223 486 1272 ut
502 1222 608 1274 statuas
627 1215 803 1292 principum,
821 1232 890 1292 quas
905 1217 933 1273 in
947 1215 1110 1295 longinquis

98 1299 176 1375 agris
192 1295 360 1375 perplures
382 1298 586 1357 successiones
603 1295 717 1356 traditas
733 1296 801 1355 mibi
820 1297 919 1374 quales
939 1315 1110 1376 acceperam

100 1379 312 1457 custodiebam,
329 1381 509 1457 permitteret
524 1382 553 1438 in
567 1381 750 1457 municipium
762 1379 916 1440 transferre
931 1380 1043 1440 adiecta
1058 1398 1108 1440 sua

99 1473 200 1524 statua.
233 1463 318 1537 Quod
338 1462 450 1542 quidem
472 1462 522 1523 ille
544 1463 611 1522 mihi
627 1480 691 1521 cum
705 1462 873 1542 plenissimo
888 1465 1051 1541 testimonio
1067 1465 1133 1524 in·2

58 1560 90 1613 15
98 1548 225 1609 dulserat
232 1569 240 1616 ;
262 1565 318 1625 ego
341 1549 434 1608 statim
455 1547 657 1608 decurionibus
679 1549 853 1625 scripseram
877 1557 907 1608 ut
927 1548 1110 1626 adsignarent

100 1631 193 1693 solum
214 1633 242 1691 in
265 1649 322 1711 quo
342 1631 478 1709 templum
500 1633 623 1710 pecunia
643 1647 705 1690 mea
722 1640 900 1701 extruerem;
921 1631 962 1691 illi
976 1635 1005 1692 in
1020 1631 1110 1692 hono-

100 1735 161 1776 rem
178 1716 277 1795 operis
297 1717 389 1795 ipsius
413 1714 587 1776 electionem
608 1714 667 1775 loci
687 1714 753 1774 mibi
771 1715 942 1776 obtulerant.
973 1716 1031 1776 Sed
1053 1719 1137 1796 pri-3

101 1818 175 1859 mum
186 1817 265 1875 mea,
290 1799 393 1861 deinde
414 1801 501 1879 patris
519 1801 559 1859 tui
576 1797 746 1878 valitudine,
769 1810 875 1879 postea
891 1802 967 1862 curis
983 1800 1109 1878 delegati

101 1902 116 1942 a
133 1884 217 1945 vobis
234 1883 322 1943 cilicii
345 1893 490 1961 retentus,
512 1902 587 1943 nunc
604 1883 706 1942 videor
728 1882 956 1946 commodissime
978 1883 1110 1964 possein

14 2008 17 2015 .
57 1977 161 2030 torem
177 1976 359 2045 praesentem
373 1984 538 2027 excurrere.
569 1964 641 2025 Nam
661 1975 690 2025 et
710 1977 884 2026 menstruum
897 1986 993 2027 meum
1007 1966 1110 2027 llalen·

101 2051 144 2110 dis
161 2050 378 2129 Septembribus
394 2050 486 2108 linitur
504 2058 533 2108 et
552 2066 678 2126 sequens
693 2051 801 2109 mensis
818 2050 972 2128 conplures
987 2050 1049 2110 dies
1068 2049 1110 2109 ie·

100 2137 188 2193 riatos
205 2132 301 2193 habet.
324 2131 410 2210 Rogo
426 2148 497 2208 crgo
513 2141 577 2190 ante
594 2132 686 2189 omnia
699 2137 846 2209 permittas
861 2133 927 2192 mihi
944 2151 1016 2211 opus
1033 2132 1136 2210 quedl

100 2216 285 2277 inchoaturus
300 2234 362 2276 sum
379 2230 520 2276 exornare
536 2223 566 2274 et
581 2223 628 2273 tua
642 2222 744 2290 statua,
761 2214 876 2291 deinde,
892 2227 923 2276 ut
940 2215 996 2275 hoc
1012 2216 1109 2276 lacere

101 2319 186 2380 quam
200 2301 388 2360 maturissime
405 2301 524 2377 possim,
540 2297 689 2375 indulgeas
706 2308 903 2358 commeatum.
923 2298 988 2359 Non
1004 2309 1049 2359 est
1064 2302 1136 2358 au·5

56 2392 92 2444 25
101 2396 159 2446 tem
176 2384 365 2464 simplicitatis
380 2401 461 2443 meae
475 2382 652 2443 dissimulare
666 2382 741 2460 apud
755 2382 911 2445 bonitatem
926 2391 1001 2443 tuam
1018 2384 1111 2443 obiter

101 2479 131 2529 te
145 2470 297 2548 plurimum
312 2467 488 2529 oculatorum
502 2466 670 2527 utilitatibus
686 2468 728 2526 rei
746 2466 890 2527 familiaris
904 2484 995 2527 meae.
1017 2466 1110 2544 Agro-

100 2572 162 2613 rum
178 2555 252 2612 enim
263 2563 344 2631 ¹quos
367 2555 395 2612 in
416 2552 516 2612 eadem
531 2552 652 2630 regione
668 2549 807 2628 possideo
819 2551 943 2628 locatio,
962 2569 1026 2611 cum
1041 2551 1110 2611 alio·

101 2638 150 2715 qni
166 2633 266 2696 0000
282 2635 421 2712 excedat,
445 2635 518 2695 adeo
533 2653 590 2696 non
605 2644 703 2712 potest
719 2633 826 2695 diiierri
841 2645 872 2695 ut
887 2638 1044 2715 proximam
1060 2652 1110 2713 pu·

101 2720 237 2780 tationem
263 2736 354 2778 novus
378 2718 499 2780 colonus
522 2718 619 2780 iacere
643 2719 756 2779 debeat.
788 2719 940 2782 Praeterea
961 2722 1111 2780 continuae

52 2819 93 2874 30
102 2803 271 2864 sterilitates
293 2811 400 2880 cogunt
420 2820 465 2862 me
490 2802 526 2863 de
540 2803 756 2864 remissionibus
770 2807 911 2882 cogitare;
936 2822 1053 2883 quarum
1067 2823 1110 2863 ra-

101 2889 208 2947 tionem
224 2887 280 2947 nisi
295 2904 434 2964 praesens
451 2888 523 2945 inire
537 2903 594 2946 non
609 2904 737 2965 possum.
753 2887 877 2949 Debebo
889 2905 971 2967 ergo,
985 2888 1136 2965 domine,6

100 2969 296 3048 indulgentiae
318 2980 383 3031 tuae
405 2979 435 3030 et
456 2972 571 3049 pietatis
590 2987 671 3029 meae
693 2970 870 3032 celeritatem
887 2981 916 3032 et
932 2981 1021 3033 status
1037 2971 1111 3030 ordi-

42 3056 47 3065 '
99 3058 259 3132 nationem,
289 3055 314 3115 si
334 3053 401 3113 mibi
422 3054 459 3113 ob
480 3062 598 3133 utraque
621 3053 694 3115 haee
717 3054 832 3116 dederis
855 3065 1042 3115 commeatum
1062 3057 1111 3114 tri-

100 3140 180 3216 ginta
200 3139 318 3199 diemm.
350 3136 454 3216 Neque
475 3139 549 3197 enim
570 3140 717 3215 augustius
739 3149 853 3217 tempus
874 3139 1024 3217 praefinire
1043 3153 1111 3213 pos·

54 3233 92 3287 35
104 3242 176 3299 sum,
197 3241 261 3284 cnm
278 3232 307 3281 ct
326 3224 510 3300 municipium
527 3231 556 3282 et
570 3224 631 3300 agri
652 3221 688 3282 de
711 3223 814 3301 quibus
837 3223 941 3300 loquor
962 3224 1018 3283 sint
1039 3218 1112 3279 ultra

102 3308 290 3367 centesimum
304 3315 334 3366 et
349 3307 614 3385 quinquagesimum
631 3305 763 3385 lapidem.
