2588 4116
208 239 270 303 100
635 238 665 302 C.
689 237 786 298 Pthl

182 391 292 455 'll'ales
314 392 418 470 ubique
440 408 602 459 sermones;
631 391 678 468 qui
698 402 790 451 tamen
813 391 972 451 alterutram
994 392 1022 449 in
1041 401 1149 469 partem
1174 411 1210 451 ex

207 485 312 536 eventu
328 473 542 554 praevalebunt.
575 474 627 534 Est
642 476 754 534 omnino
774 476 897 552 iniquom
915 474 968 534 sed
987 492 1039 534 usu
1060 486 1210 553 receptum

209 558 285 637 quod
301 559 421 618 honesta
437 557 556 618 consilia
570 558 618 617 vel
633 560 741 636 turpia,
754 568 838 636 prout
854 558 926 617 male
941 567 988 617 aut
1002 574 1144 636 prospere
1161 578 1208 619 ce-

50 626 61 645 ‘
151 696 154 700 ,
208 642 291 719 dunt,
316 643 353 702 ita
370 640 418 701 vel
438 641 590 718 probantur
605 640 652 701 vel
667 641 920 719 reprehenduntur.
954 640 1022 700 lnde
1039 641 1208 720 plerumque

208 725 307 786 eadem
328 725 402 784 facta
421 724 505 783 modo
527 724 689 801 diligentiae
702 724 785 784 modo
801 726 948 800 vanitatis,
971 723 1054 783 modo
1070 724 1236 792 libertatis5

206 807 291 869 modo
309 808 412 867 furoris
428 826 531 867 nomen
546 809 699 886 accipiunt.
731 808 812 867 Vale.

632 941 667 1000 X.
710 941 758 1001 Xl.

361 1038 387 1088 c.
406 1039 529 1090 ursimus
547 943 709 1091 suunomo[
722 943 926 1099 nolanounnc
946 1040 1005 1090 suc
1024 1041 1050 1094 s,

183 1158 197 1208 1
268 1138 369 1199 hibera
383 1138 495 1199 tandem
510 1139 813 1217 hendecasyllaborum
828 1159 953 1202 meorum
966 1141 1059 1218 fidem,
1076 1143 1123 1220 qui
1138 1143 1251 1206 scri-10

207 1232 255 1301 pta
276 1233 323 1283 tua
342 1224 536 1284 communibus
554 1226 651 1286 amicis
674 1227 897 1305 spoponderunt.
932 1224 1122 1304 Appellantur
1138 1226 1209 1284 coti·

207 1306 252 1367 die
266 1317 295 1366 et
313 1307 487 1384 llagitautnr,
514 1327 547 1368 ac
564 1310 617 1367 iam
633 1309 789 1387 periculum
812 1319 856 1371 est
875 1328 911 1369 ne
931 1318 1068 1385 cogantur
1082 1309 1116 1368 ad
1131 1308 1208 1369 exhi-

180 1390 327 1459 2bendum
342 1392 488 1451 formulam
504 1393 648 1471 accipere.
670 1393 737 1452 Sum
754 1403 784 1453 et
797 1392 900 1471 ipsein
916 1392 1026 1453 edendo
1042 1391 1207 1469 haesitator,

207 1484 236 1533 tu
261 1484 353 1535 tamen
379 1494 468 1535 meam
492 1493 606 1552 quoque
634 1477 841 1537 cunctationem
863 1477 1077 1554 tarditatemque
1102 1477 1206 1536 vicisti.

207 1558 326 1617 Proinde
347 1568 393 1616 aut
413 1575 512 1634 rumpe
534 1559 586 1616 iam
602 1576 694 1619 moras
710 1570 756 1620 aut
772 1578 841 1621 cave
857 1578 893 1620 ne
908 1559 1025 1619 eosdem
1040 1563 1110 1619 istos
1124 1559 1208 1618 libel·
1220 1569 1249 1619 lo

207 1641 263 1717 los,
281 1659 352 1719 quos
369 1642 418 1700 tihi
433 1641 665 1716 hendecasyllabi
687 1646 777 1703 nostri
791 1643 931 1704 blanditiis
947 1643 1054 1703 elicere
1070 1662 1125 1703 non
1142 1661 1209 1723 pos-

181 1735 288 1801 3sunt,
317 1726 448 1784 convicio
471 1735 621 1785 scazontes
638 1737 833 1806 extorqueant.
862 1727 1023 1787 Perfectum
1040 1746 1112 1806 opus
1125 1730 1209 1787 abso·

207 1807 352 1885 lutumque
368 1818 430 1885 est,
456 1827 511 1867 nec
529 1809 581 1867 ianr
601 1809 778 1887 splendescit
792 1810 856 1870 lima
871 1810 923 1870 sed
938 1812 1073 1872 atteritur.
1108 1811 1208 1871 Patere

206 1909 251 1949 ure
274 1891 371 1951 videre
393 1891 502 1951 titulum
524 1900 617 1970 tuum,
647 1903 746 1972 patere
767 1894 862 1954 audire
884 1894 1006 1956 describi
1029 1895 1087 1973 legi
1109 1896 1208 1955 venire

206 1973 348 2035 volumina
370 1975 522 2054 Tranquilli
543 1978 608 2037 mei.
637 1977 769 2056 Aequom
790 1987 834 2038 est
854 1996 907 2038 nos
922 1980 949 2038 in
967 1996 1061 2038 amore
1080 1988 1133 2037 tam
1149 1985 1251 2038 mulo

206 2069 254 2117 tuo
270 2059 387 2120 eandem
403 2061 554 2139 percipere
570 2080 608 2121 ex
622 2071 651 2120 te
665 2062 856 2141 voluptatem,
879 2081 933 2140 qua
950 2072 979 2122 tu
1001 2062 1156 2140 perfrueris
1173 2081 1211 2122 ex

207 2144 300 2204 nobis.
333 2143 414 2205 Vale.

625 2279 674 2338 Xl.
709 2277 770 2337 ΧΗ.

285 2379 312 2431 c.
333 2377 457 2428 rutulus
475 2376 654 2426 oartnunmo
673 2277 797 2423 FhBATlc
820 2371 1006 2422 raosocnno
1026 2373 1084 2421 suo
1103 2374 1128 2425 S.

182 2495 195 2544 1
268 2477 379 2554 Recepi
395 2476 503 2535 litteras
517 2485 596 2551 tuas,
614 2474 765 2549 exquibus
780 2471 902 2549 cognovi
920 2481 949 2531 te
967 2471 1210 2549 speciosissimam

206 2561 347 2639 porticum
363 2559 415 2617 sub
430 2567 478 2615 tuo
495 2556 600 2633 liliique
615 2557 654 2615 tui
666 2556 777 2614 nomine
796 2553 958 2631 dedicasse,
976 2556 1106 2632 sequenti
1122 2556 1168 2616 die
1180 2560 1209 2617 in

207 2650 349 2718 portarum
365 2648 489 2698 omatum
504 2638 652 2716 pecuniam
665 2640 842 2717 promisisse,
858 2647 888 2698 ut
906 2639 1012 2698 initium
1026 2657 1117 2699 novae
1136 2640 1209 2701 libe·

179 2724 320 2789 2ralitatis
334 2730 413 2782 esset
429 2722 631 2782 consummatio
646 2723 758 2801 prioris.
782 2721 898 2783 Gaudeo
913 2723 1032 2802 primum
1047 2733 1093 2782 tua
1104 2724 1206 2802 gloria,

206 2808 285 2866 cuius
307 2804 340 2866 ad
363 2822 408 2864 me
432 2822 497 2882 pars
519 2804 611 2884 aliqua
633 2825 685 2885 pro
706 2806 918 2868 necessitudine
940 2816 1036 2867 nostra
1055 2808 1250 2878 redundat330

204 2889 306 2950 deinde
330 2887 406 2966 quod
427 2888 589 2949 memoriam
607 2893 701 2950 soceri
722 2893 778 2951 mei
798 2889 995 2969 pulcherrimis
1012 2893 1148 2970 operibus
1167 2894 1208 2951 vi·

178 2975 259 3033 'deo
286 2972 424 3052 proferri;
456 2983 602 3052 postremo
628 2976 703 3053 quod
725 2976 814 3055 patria
834 2985 930 3035 nostra
951 2974 1093 3052 florescit,
1126 2995 1208 3054 quam

204 3057 269 3116 mihi
284 3075 300 3117 a
316 3075 496 3136 quocumque
511 3057 605 3117 excoli
616 3059 777 3136 iucundum,
793 3078 808 3119 a
824 3067 852 3119 te
867 3076 938 3119 vero
953 3058 1136 3119 laetissimum
1153 3070 1205 3120 est.

178 3141 288 3214 3Quod
304 3151 454 3222 superest,
479 3141 550 3203 deos
566 3161 671 3221 precor
684 3153 714 3202 ut
730 3145 848 3203 animum
864 3144 948 3203 istum
965 3143 1030 3220 tibi,
1054 3144 1145 3204 animo
1160 3145 1206 3205 isti

204 3234 316 3305 tempus
333 3244 416 3305 qnam
437 3225 633 3305 longissimum
655 3227 785 3287 tribuant.
815 3226 884 3285 Nam
899 3227 988 3305 liquet
1004 3227 1069 3286 mihi
1084 3228 1248 3288 iuturumbt

204 3320 233 3369 ut
245 3320 362 3389 peracto
378 3310 454 3389 quod
470 3313 598 3389 proxime
616 3311 769 3389 promisisti
786 3309 904 3370 inchoes
919 3310 1003 3371 aliud.
1021 3310 1121 3372 Nescit
1133 3313 1206 3372 enim

204 3394 294 3452 semel
310 3394 422 3467 incitata
436 3394 590 3456 liberalitas
608 3404 694 3470 stare,
714 3395 792 3454 cuius
809 3393 1045 3472 pulchritudinem
1060 3414 1127 3456 usns
1142 3399 1205 3475 ipse

205 3478 389 3537 commendat.
422 3478 503 3537 Vale.

1220 2404 1265 2461 25'
