2588 4116
228 254 270 316 94
652 252 684 312 C.
707 250 803 311 l'LlNl

229 406 319 467 valvis
334 415 447 480 xystum
468 404 645 465 desinentem
666 415 694 464 ct
714 407 841 482 protinus
862 411 971 482 pratum
992 403 1166 480 multumque
1187 422 1232 462 ru·

229 493 268 550 ris
283 491 377 565 videt,
397 489 532 549 fenestris
553 488 606 548 hac
624 488 696 548 latus
716 490 791 562 xysti
814 497 843 547 et
859 486 934 565 qnod
950 487 1062 565 prosilit
1076 486 1162 546 villae
1179 487 1233 547 hac

188 574 386 636 noadiaeentis
413 572 590 651 hippodromi
610 590 709 632 nemus
735 589 889 649 comasque
910 581 1085 649 prospectat.
1128 569 1232 632 Contra

231 659 350 718 mediam
372 656 434 716 fere
448 659 588 734 porticum
604 655 695 716 diaeta
706 655 818 733 paulurn
842 655 970 733 recedit,
993 657 1080 732 cingit
1096 654 1231 733 areolam,

232 759 304 819 quae
320 749 451 818 quattuor
465 738 584 817 platanis
604 740 783 799 inumbratur.
815 738 893 799 lnter
914 739 964 798 has
979 757 1137 799 marmoreo
1152 737 1257 804 labr05

232 842 303 902 aqua
316 822 436 883 exundat
453 825 706 901 circumiectasque
718 823 846 902 platanos
863 832 892 882 et
904 823 1032 883 subiecta
1044 823 1164 901 platanis
1176 823 1233 882 leni

190 919 222 971 21
232 908 384 984 aspergine
406 905 495 966 fovet.
526 906 580 966 Est
599 908 627 966 in
653 906 706 966 hac
731 908 823 967 diaeta
846 907 1037 967 dormitorium
1060 906 1231 990 cubiculum,

233 989 308 1069 quod
325 991 399 1049 diem
418 989 570 1050 clamorem
592 1009 690 1051 sonum
709 991 852 1068 excludit,
875 993 1027 1069 iunctaque
1047 994 1073 1050 ei
1095 991 1234 1050 cotidiana

232 1076 384 1133 amicornm
400 1075 529 1150 cenatio,
543 1091 615 1152 quae
630 1075 754 1134 areolam
768 1074 859 1152 illam,
872 1077 1012 1153 porticum
1026 1075 1106 1134 aliam
1122 1074 1233 1135 eadem-

191 1167 290 1236 ntque
312 1159 403 1216 omnia
424 1175 496 1235 quae
520 1161 648 1236 porticus
668 1160 780 1236 aspicit.
811 1157 865 1218 Est
886 1168 915 1217 et
938 1158 1014 1218 aliud
1035 1158 1196 1218 cubiculum
1218 1175 1233 1216 a
1243 1175 1273 1226 ιο

233 1258 368 1320 proxuma
382 1240 495 1319 platano
509 1243 600 1302 uiride
617 1251 646 1302 et
663 1243 841 1319 umbrosum,
864 1259 1001 1301 marmore
1021 1240 1165 1302 excultum
1182 1259 1234 1320 po·

234 1325 280 1384 dio
298 1335 392 1401 tenus,
409 1343 464 1384 nec
483 1325 559 1384 cedit
574 1329 680 1403 gratiae
696 1328 840 1386 marmoris
856 1343 949 1385 ramos
961 1326 1175 1404 insidentesque
1190 1343 1234 1384 ra·

191 1419 225 1472 23
235 1413 286 1470 mis
308 1427 376 1468 aves
397 1410 500 1469 imitata
521 1412 646 1488 pictura:
670 1410 824 1470 fonticulus
845 1412 873 1469 in
889 1411 961 1486 hoc,
988 1412 1016 1469 in
1032 1409 1110 1469 fonte
1126 1419 1234 1475 cratem

236 1496 311 1553 circa
326 1491 467 1569 sipunculi
484 1492 582 1570 plures
596 1496 717 1556 miscent
732 1495 963 1554 iucundissimum
974 1512 1103 1552 murmur.
1127 1492 1159 1552 ln
1171 1510 1235 1552 cor·

234 1595 271 1635 nu
288 1577 416 1654 porticus
438 1576 640 1654 amplissimum
658 1577 817 1637 cubiculum
834 1596 850 1637 a
866 1578 989 1638 triclinio
1007 1580 1145 1645 occurrit;
1172 1575 1234 1636 aliis
1244 1585 1273 1638 15

235 1660 369 1719 fenestris
384 1670 498 1733 xystum
512 1660 574 1721 aliis
591 1660 704 1739 dispicit
718 1673 843 1740 pratum,
862 1662 988 1722 sedante
1001 1664 1147 1739 piscinam,
1162 1678 1234 1738 quae

192 1753 227 1804 24
236 1742 369 1803 fenestris
379 1746 467 1804 servit
476 1762 510 1804 ae
519 1745 658 1822 subiacet,
675 1747 924 1824 strepitnvisuque
940 1746 1095 1805 iucundam.
1115 1743 1236 1804 Names

236 1826 312 1886 edito
328 1827 463 1888 desiliens
478 1845 549 1906 aqua
565 1839 700 1908 suscepta
712 1847 848 1889 marmore
865 1829 995 1890 albescit.
1025 1828 1103 1889 Idem
1119 1829 1236 1888 cubicu-

193 1911 292 1970 251um
308 1911 401 1971 hieme
423 1912 645 1991 tepidissimum,
669 1915 732 1992 quia
746 1913 866 1992 plurimo
882 1913 945 1974 sole
960 1913 1146 1992 perfunditur.
1180 1910 1236 1971 Go-

234 1994 333 2053 haeret
345 1994 559 2073 hypocauston,
581 2007 610 2057 et
633 1998 657 2057 si
679 1998 739 2057 dies
757 1997 887 2075 nubilus,
910 2000 1026 2059 inmisso
1041 2015 1147 2077 vapore
1165 1995 1275 2062 solisao

235 2080 327 2137 vicem
343 2078 467 2158 supplet.
489 2079 558 2139 lnde
572 2081 767 2160 apodyterium
785 2082 887 2142 balinei
904 2081 997 2142 lanum
1012 2093 1040 2143 et
1054 2082 1142 2141 hilare
1158 2081 1236 2140 exci-

235 2164 275 2240 pit
289 2162 362 2222 cella
379 2164 530 2241 frigidaria,
547 2166 574 2223 in
591 2184 645 2244 qua
656 2167 852 2245 baptisterium
866 2167 988 2245 amplum
998 2167 1089 2244 adque
1105 2181 1234 2243 opacum.

236 2246 265 2304 Si
282 2256 376 2306 natare
393 2247 476 2309 latius
498 2259 545 2307 aut
559 2250 682 2328 tepidius
697 2251 788 2327 uelis,
804 2253 831 2308 in
844 2268 910 2308 area
925 2252 1034 2326 piscina
1049 2259 1109 2324 est,
1126 2251 1154 2306 in
1170 2266 1237 2326 pro-

234 2348 319 2389 xumo
335 2341 449 2409 puteus,
466 2351 503 2392 ex
514 2351 571 2410 quo
583 2337 678 2412 possis
692 2352 788 2402 rursus
800 2333 945 2405 adstringi,
961 2334 985 2389 si
997 2333 1137 2407 paeniteat
1152 2341 1238 2408 tepo-

193 2423 227 2476 26
237 2418 284 2473 ris.
307 2413 478 2492 Frigidariae
498 2415 589 2476 cellae
606 2419 763 2477 conectitur
776 2414 880 2487 media,
905 2415 950 2470 cui
971 2413 1015 2470 sol
1032 2413 1278 2487 benignissimem

236 2508 352 2576 praesto
367 2508 425 2567 est;
452 2499 589 2559 caldariae
605 2501 709 2574 magis:
729 2497 867 2573 prominet
884 2497 967 2552 enim.
1000 2493 1031 2554 ln
1045 2495 1098 2555 hac
1109 2505 1169 2555 tres
1186 2497 1238 2558 de·

237 2584 416 2658 scensiones,
434 2584 505 2641 duae
519 2585 547 2640 in
562 2581 636 2656 sole,
653 2581 734 2639 tertia
747 2596 763 2637 a
778 2577 840 2637 sole
856 2577 979 2656 longius,
995 2598 1011 2639 a
1025 2579 1090 2638 luce
1105 2597 1161 2638 non
1174 2579 1237 2641 lon·

193 2668 309 2742 tlgius.
328 2666 506 2745 Apodyterio
518 2664 728 2742 superpositum
744 2671 788 2722 est
803 2660 1046 2740 sphaeristerium,
1062 2664 1138 2742 quod
1154 2664 1236 2743 plora

236 2767 343 2825 genera
366 2749 577 2809 exercitationis
593 2745 748 2825 pluresque
772 2746 895 2806 circulos
912 2750 997 2826 capit.
1025 2748 1088 2806 Non
1103 2749 1236 2826 procula

235 2833 348 2892 balineo
366 2830 471 2908 scalae,
488 2847 559 2907 quae
575 2831 602 2888 in
619 2832 859 2909 cryptoporticum
874 2831 978 2909 ferunt,
994 2835 1072 2910 prius
1083 2833 1117 2891 ad
1129 2832 1279 2904 diaetas30

235 2926 305 2976 tres.
337 2915 439 2974 Harum
459 2913 511 2973 alia
526 2913 639 2973 areolae
656 2914 696 2973 illi
714 2917 741 2974 in
757 2933 810 2992 qua
825 2915 929 2994 platani
941 2925 1073 2994 quattuor
1086 2917 1139 2976 alia
1154 2927 1234 2995 prato

236 2998 289 3057 alia
303 3000 394 3057 vineis
414 2999 536 3056 imminet
553 2996 736 3077 diversasque
752 2999 823 3058 caeli
839 3009 934 3078 partes
955 3010 984 3059 nt
1000 3012 1172 3079 prospectus
1187 3001 1235 3061 ha-

194 3080 294 3141 tsshet.
318 3078 350 3139 ln
365 3098 470 3141 summa
486 3085 700 3160 cryptoporticu
717 3083 877 3144 cubiculum
892 3102 928 3144 ex
944 3087 1005 3163 ipsa
1021 3087 1235 3163 cryptoporticu

236 3165 374 3241 excisum,
391 3164 467 3242 quod
482 3164 698 3243 hippodromum
712 3170 810 3227 vineas
827 3178 938 3229 montes
953 3172 1085 3228 intuetur.
1109 3168 1236 3244 Iungitur

237 3248 398 3316 cubiculum
418 3247 530 3308 obvium
545 3249 616 3328 soli,
638 3253 755 3311 maxime
779 3252 906 3311 hiberno.
937 3252 1009 3311 Hinc
1032 3254 1119 3321 oritur
1134 3252 1234 3328 diaeta,
1244 3263 1279 3316 35

237 3349 309 3407 quae
329 3332 414 3392 villae
433 3332 648 3411 hippodromum
666 3336 799 3396 adnectit.
830 3337 908 3396 Haec
932 3336 1038 3412 facies,
1065 3336 1111 3396 hic
1130 3355 1199 3396 usus
1220 3355 1235 3395 a

195 3414 339 3475 t9lronte.
367 3416 393 3475 Α
410 3416 500 3476 latere
520 3421 627 3479 aestiva
645 3423 875 3499 cryptoporticus
890 3423 918 3479 iu
935 3420 1011 3480 edito
1026 3423 1135 3498 posita,
1163 3437 1235 3498 quae

236 3515 292 3557 non
307 3503 437 3580 aspicere
455 3504 569 3581 vineas,
593 3504 646 3564 sed
660 3513 776 3582 tangere
792 3505 916 3563 videtur:
937 3506 964 3563 in
979 3504 1071 3564 media
1086 3502 1235 3562 triclinium
