2588 4116
421 270 686 333 PANEGYRICUS
702 282 745 335 58.
760 282 802 336 59.
818 283 861 337 60.
1091 273 1154 337 275

205 427 261 485 Sed
277 427 331 485 iam
347 435 460 504 tempus
476 434 521 486 εει
536 435 563 486 ιε
583 426 639 503 ipsi
655 424 813 484 consulatui
834 432 995 504 praestare,
1022 435 1053 487 ut
1067 430 1152 490 maio·
1164 429 1205 493 59

139 528 201 571 rem
218 528 283 569 eum
300 509 485 587 suscipiendo
500 508 688 586 gerendoque
710 508 808 569 facias.
841 506 912 567 Nam
934 510 1049 588 saepius
1070 530 1153 572 rccu-
1250 568 1254 574 .

140 612 206 656 sare
229 594 388 670 ambiguam
403 611 436 652 ao
455 595 551 671 potius
573 590 650 651 illam
671 592 935 670 interpretationem
957 591 1059 671 habet,
1086 604 1152 655 tam·

141 695 224 756 quam
241 678 378 736 minorem
395 687 487 754 putes.
522 674 693 754 Tuquidem
707 685 738 735 ut
753 676 901 735 maximum
922 679 1078 746 recusasti;
1101 679 1153 739 sed

111 762 194 823 ohoc
208 761 383 839 persuadere
397 761 500 819 nemini
517 759 638 837 poteris,
656 760 709 820 nisi
725 757 875 837 aliquando
888 769 917 819 et
929 777 986 819 non
1000 779 1153 823 recusave-

140 848 188 905 ris.
214 841 285 904 Cum
297 862 397 921 arcus,
412 861 475 902 cum
487 851 614 922 tropaea,
633 861 696 901 cum
708 851 815 904 statuas
827 842 1011 921 deprecaris,
1027 846 1152 907 tribuen-

141 928 175 988 da
196 938 241 988 est
261 927 451 987 verecundiae
475 937 540 988 tuae
560 928 660 995 venia;
685 926 732 986 illa
754 928 829 987 enim
850 944 918 988 sane
940 928 990 987 tibi
1012 928 1153 990 dicantur:

140 1030 215 1071 nunc
242 1029 312 1070 vero
335 1010 509 1089 postulamus
537 1020 567 1070 ut
593 1009 704 1072 futuros
731 1012 877 1090 principes
903 1009 1009 1071 doceas
1035 1012 1153 1074 inertiae

139 1097 319 1170 renuntiare,
343 1093 489 1172 paulisper
504 1093 621 1155 delicias
636 1095 768 1168 differre,
790 1093 938 1173 paulisper
956 1103 986 1154 et
1001 1094 1102 1157 saltem
1119 1098 1153 1158 ad

97 1194 132 1245 10
140 1179 341 1240 brevissimum
362 1187 475 1254 tempus
498 1195 534 1236 ex
555 1177 605 1236 illo
626 1179 771 1238 felicitatis
795 1195 895 1238 somno
917 1177 997 1238 velut
1012 1182 1152 1241 excitatos

139 1263 258 1323 induere
282 1270 474 1340 praetextam,
507 1278 605 1337 qnam,
632 1278 696 1319 cnm
716 1261 783 1320 dare
803 1269 941 1341 possent,
974 1265 1150 1340 occuparint,

140 1345 300 1407 ascendere
316 1343 460 1420 curulem,
487 1361 569 1422 quam
586 1344 745 1421 detineant,
769 1361 837 1402 esse
853 1342 976 1420 denique
993 1345 1069 1421 quod
1085 1363 1152 1405 con·

141 1430 308 1508 cupierunt,
335 1446 390 1488 nec
415 1426 481 1487 ideo
509 1436 616 1487 tantum
640 1426 721 1487 uelle
747 1427 882 1487 consules
903 1427 964 1486 fieri
986 1437 1016 1488 ut
1037 1428 1149 1488 luerint.

141 1512 263 1574 Gessisti
284 1511 402 1572 alterum
425 1511 620 1587 consulatum,
650 1513 727 1570 scio:
756 1509 834 1570 illum
855 1511 1048 1589 exercitibus,
1072 1511 1151 1571 illum

97 1612 131 1662 15
144 1598 317 1677 provinciis,
334 1595 411 1655 illum
424 1598 507 1656 etiam
523 1595 630 1656 exteris
645 1595 779 1672 gentibus
798 1596 906 1673 poteris
924 1595 1071 1673 inputare,
1094 1614 1151 1656 non

141 1692 225 1759 potes
240 1681 331 1740 nobis.
354 1679 492 1740 Audimus
511 1678 624 1758 quidem
641 1688 670 1739 te
687 1696 769 1739 omne
783 1697 882 1739 munus
899 1679 1025 1741 consulis
1041 1681 1149 1756 obisse,

141 1764 193 1824 sed
208 1764 345 1824 audimus.
373 1764 486 1849 Diceris
508 1764 679 1824 iustissimus
695 1762 910 1823 humanissimus
925 1764 1150 1840 patientissimus

140 1849 247 1924 luisse,
265 1847 317 1908 sed
335 1848 448 1910 diceris.
476 1846 608 1926 Aequum
623 1856 668 1907 est
683 1847 832 1925 aliquando
848 1862 900 1906 nos
915 1847 1020 1908 iudicio
1039 1857 1149 1927 nostro,

142 1932 234 1993 oculis
244 1931 360 2007 nostris,
372 1949 429 1990 non
441 1930 531 1991 lamae
544 1948 658 2008 semper
670 1939 698 1988 et
710 1932 870 1990 rumoribus
882 1930 1012 1993 credere.
1038 1931 1150 2004 Quous-

98 2027 196 2094 20que
210 2015 343 2073 absentes
356 2013 391 2072 de
405 2013 524 2072 absente
535 2009 742 2089 gaudebimus?
753 2011 850 2071 Liceat
862 2013 987 2088 experiri
998 2032 1032 2074 an
1044 2014 1151 2092 aliquid

140 2098 293 2177 superbiae
309 2096 359 2155 tibi
373 2095 421 2153 ille
443 2096 506 2172 ipse
521 2093 665 2155 secundus
681 2093 844 2154 consulatus
861 2094 996 2154 attulerit.
1031 2095 1150 2156 Multum

140 2185 169 2241 in
184 2179 378 2240 commutandis
393 2178 519 2238 moribus
533 2177 674 2236 hominum
691 2177 801 2237 medius
816 2195 903 2237 annus
917 2177 1010 2256 valet,
1033 2181 1061 2238 in
1075 2181 1150 2257 prin·

142 2267 238 2344 cipum
258 2263 333 2343 plus.
371 2262 498 2321 Dicimus
521 2260 652 2341 quidem,
686 2263 731 2319 cui
759 2262 848 2320 virtus
875 2259 967 2338 aliqua
994 2264 1149 2340 contingat,

104 2342 107 2346 ’
141 2367 240 2410 omnes
261 2349 372 2408 inesse:
399 2347 527 2425 cupimus
549 2355 641 2406 tamen
663 2345 789 2423 experiri
811 2363 846 2404 an
867 2362 942 2403 nunc
960 2362 1076 2423 qnoque
1097 2364 1151 2405 una

96 2444 131 2497 25
141 2432 298 2510 eademque
312 2450 359 2490 res
374 2431 413 2490 sit
430 2432 521 2490 bonus
537 2429 637 2490 consul
653 2438 683 2489 ct
699 2429 790 2488 bonus
807 2429 953 2506 princeps.
982 2428 1053 2489 Nam
1068 2446 1150 2507 prae·

140 2527 185 2578 ter
199 2517 227 2575 id
243 2514 319 2594 quod
333 2526 378 2576 εει
392 2514 526 2593 arduum,
548 2513 616 2574 duas
633 2531 742 2591 easque
760 2511 842 2572 simul
862 2529 967 2590 capere
990 2522 1150 2592 potestates

140 2617 273 2673 summas,
288 2607 346 2658 tum
360 2600 436 2659 inest
450 2600 562 2676 utrique
577 2615 634 2658 non
649 2596 726 2657 nulla
743 2595 904 2674 diversitas,
918 2612 981 2655 cum
993 2599 1149 2676 principem

140 2700 225 2763 quam
239 2681 421 2742 simillimum
433 2700 500 2742 esse
509 2683 648 2759 privato,
662 2682 816 2742 consulem
828 2698 920 2758 quom
935 2680 1150 2742 dissimillimum

139 2768 253 2828 deceat.
286 2764 381 2843 atque
399 2782 455 2841 ego
472 2763 556 2824 video
571 2766 699 2843 proximo
720 2782 792 2823 anno
814 2763 978 2825 consulatus
998 2764 1148 2826 recusandi
1159 2770 1201 2832 60

88 2853 213 2918 bobane
226 2850 408 2929 praecipuam
418 2848 509 2908 luisse
520 2850 669 2925 rationem,
688 2847 763 2926 quod
775 2866 838 2909 eum
853 2849 958 2908 absens
973 2868 1077 2927 gerere
1092 2867 1149 2910 non

138 2944 270 3017 poteras:
292 2932 344 2993 scd
365 2933 418 2992 iam
438 2931 501 2992 urbi
521 2933 654 3010 votisque
671 2932 792 3010 publicis
807 2932 952 3008 redditus,
977 2933 1043 3010 quid
1061 2936 1149 2994 estin

140 3038 198 3099 quo
214 3019 303 3094 magis
320 3018 359 3078 sis
376 3015 583 3094 adprobatums
600 3033 672 3094 quae
688 3027 848 3095 quantaque
866 3016 971 3074 luerint
986 3033 1059 3092 quae
1074 3016 1148 3076 desi·
1252 3012 1255 3019 '

140 3097 329 3165 derabamus'l
357 3099 456 3159 Parum
472 3109 563 3160 estut
579 3101 607 3159 in
624 3100 728 3159 curiam
743 3101 858 3176 venias,
876 3099 930 3156 nisi
946 3106 974 3156 et
991 3115 1147 3175 convoces,

140 3198 172 3247 ut
194 3186 309 3248 intersis
332 3185 459 3260 senatui,
488 3183 542 3243 nisi
565 3193 594 3244 et
618 3183 799 3261 praesideas,
825 3191 856 3241 ut
871 3189 1024 3240 censentes
1040 3180 1147 3258 audias,

88 3277 130 3338 35
141 3273 197 3332 nisi
215 3281 244 3330 ει
259 3285 409 3349 perroges.
439 3267 490 3326 Vis
505 3265 575 3327 illud
589 3267 816 3344 augustissimum
832 3261 980 3325 consulum
998 3264 1148 3343 aliquando

140 3353 261 3415 tribunal
278 3353 416 3414 maiestati
428 3369 497 3411 snae
511 3347 656 3410 reddere?
676 3347 810 3410 ascende.
839 3348 890 3409 Vis
912 3357 1044 3408 constare
1066 3366 1148 3406 reve-

140 3440 260 3500 rentiam
277 3436 502 3515 magistratibus,
518 3434 633 3512 legibus
649 3433 856 3509 auctoritatem,
871 3429 1036 3492 modestiam
1051 3440 1148 3511 postn-

141 3514 289 3584 lantibus?
309 3523 363 3582 adi.
393 3520 477 3592 Quod
493 3519 566 3579 enim
580 3518 734 3578 interesset
752 3517 795 3578 rei
812 3515 963 3660 publiclap,
985 3517 1009 3577 si
1024 3517 1148 3597 privatus
